|0000|004|1|01012011|31012011|LOJAS CARROSSEL COMERCIO E REPRESENTACOES LTDA|23455967000163||CE|060730463|2304400|||B|1|
|0001|0|
|0005|LOJAS CARROSSEL|60125160|RUA VISCONDE DE MAUA|2085||ALDEOTA|8532614533||lojascarrossel@hotmail.com|
|0100|JOSE ADRIANO PONTES FEITOSA|26472830363|CE011117O6||60025100|RUA MAJOR FACUNDO|844|SALAS 42 E 44|CENTRO|8532532340||adrianofeitosa44@yahoo.com.br|2304400|
|0150|41|FUJITA ENGENHARIA LTDA|1058|72570740000174||069144869|2304400||AV.DESEMBARGADOR MOREIRA|2120||ALDEOTA|
|0150|6431|REPIFARMA COMERC.MEDICAMENTOS LTDA|1058|35230010000106||068631901|2304400||R Monsenhor Salazar|90||Tauape|
|0150|6469|GERARDO BASTOS PNEUS E PECAS LTDA|1058|07270366000634||066964776|2304400||RUA ROGACIANO LEITE|400||Guararapes|
|0150|11432|PEIXOTO VEICULOS LTDA|1058|06640858000105||068460449|2304400||Av Visconde do Rio Branco|1957||Centro|
|0150|100003376|OMNIMAGEM MILLENIUM D.I.T.T.S/S LTD|1058|04844523000175|||2304400||Av Tristão Gonçalves|1349||Centro|
|0150|100003507|RAFAEL FERREIRA IDEBURQUE LEAL|1058||15586880300||2302800||FAZENDA PRIMAVERA||SN|CENTRO|
|0150|100004485|TRANSPORTES BERTOLINI LTDA|1058|04503660000146||041703111|1302603||R RAIMUNDO NONATO DE CASTRO 260||||
|0150|800006974|ESMALTEC S A|1058|02948030000230||063050536|2307650||AVENIDA PARQUE OESTE|2130||DISTRITO INDUSTRIAL|
|0150|800006975|DRICOS MOVEIS E ELETRODOMESTICOS|1058|04980258000829||066887127|2304400||AV FRANCISCO AS, 5665|||BARRA DO CEARA|
|0150|800006976|CONEXAO TRANSPORTES DIST E LOG LTDA|1058|63318604000281|||3518800||R Rua Paschoal Ricci|30||Jardim Presidente Dutra|
|0150|800006977|LOJAS CARROSSEL COMERCIO E REPRESENTACOES LTDA|1058|23455967000163|||2304400||RUA VISCONDE DE MAUA,2085 ALDEOTA|||ALDOTA|
|0150|800006979|WM PROMOTORA DE VENDAS LTDA|1058|06081235000131|||2304400||R Major Facundo|384||Centro|
|0150|800006982|HABITAT AUTOMACAO|1058|07072140000114|||2304400||R Joaquim Nabuco|1735||Meireles|
|0150|800006983|WHIRLPOOL S.A.|1058|59105999006036||033829900|2607901||Av . Eixo da integracao|689||Bloco C2-C3|
|0150|800006984|MLOG ARMAZEM GERAL LTDA-GUARARAPES|1058|05117268000989||18158003410011|2607901||AV.EIXO DA INTEGRACAO, 689 - Bloco C2-C3||BL.D.GLD5 SALA 01||
|0150|800006985|MABE BRASIL ELETRODOMESTICOS LTDA|1058|60736279001250||748018519117|3519071||PQ PARQUE INDUSTRIAL BS CONTINEN|||JD.SAO CAMILO|
|0150|800006986|WHIRPOOL S.A|1058|59105999003959||250050889|4209102||DONA FRANCISCA|7200||INDUSTRIAL|
|0150|800006987|MLOG ARMAZEM GERAL LTDA-JLLE|1058|05117268000806||255247770|4209102||DONA FRANCISCA 7200||||
|0150|800006989|MLOG ARMAZEM GERAL LTDA-RC|1058|05117268000555||587274102112|3543907||AV. 80-A 77||||
|0150|800006990|PANASONIC DO BRASIL LIMITADA|1058|04403408000165||062001167|1302603||Rua Matrinxa|1155||D.INDUSTRIAL|
|0150|800006991|WHIRLPOOL ELETROMESTICOS AM S.A|1058|63699839000180||062001256|1302603||Av Torquato Tapajós|7500||Colônia Terra Nova|
|0150|800006992|PANASONIC DO BRASIL LIMITADA|1058|04403408000912||645482612112|3549904||Ro Presidente Dutra|155||Jardim das Indústrias|
|0150|800006993|J.I ADMINISTRACAO DE IMOVEIS LTDA|1058|07052566000106|||2304400||R Nunes Valente|2210||Dionisio Torres|
|0150|800006994|ZAIRTON GASPAR DE OLIVEIRA FILHO|1058||12211680372||2304400||R R.BARBOSA DE FREITAS 171 APTO 500|||MEIRELES|
|0150|800006995|YOI COMERCIAL LTDA|1058|00902927000117||114503818113|3550308||R RUA DOS ESTUADANTES,64||||
|0150|800006996|ALIMPORT DIST.IND.UTILID.DOMES.LTDA|1058|02169801000100||114898724110|3550308||R Cruzeiro|443|||
|0150|800006997|CONDOMINIO EDIFICIO TRADE CENTER|1058|01437420000100|||2304400||Av Desembargador Moreira|2020||Aldeota|
|0150|800006998|D D C INDUSTRIA E COMERCIO DE ARTEFATOS PLASTICOS LTDA ME|1058|09573964000101||063637413|2304400||RUA 1|68||PASSARE|
|0150|800007000|RAFAELA MA.LOPES DE BRITO|1058||00157038351||2304400||R Ministro Eduardo Ellery Barreira|30||Guararapes|
|0150|800007001|WELLINGTON LEITAO E ASSOCIADOS S/C|1058|04589648000104|||2304400||R Carolina Sucupira|1259|||
|0150|800007002|MARIA DARCY GOMES DE FIGUEREDO|1058||01025414349||2304400||R Coronel Linhares|511||Meireles|
|0150|800007003|FORTALEZA ENS.E ACESSORIA LING.LTDA|1058|12405966000198|||2304400||R Tibúrcio Cavalcante|1958||Meireles|
|0150|800007004|JOSE WALTER DOS SANTOS SALES|1058||11233237713||2304400||R Professor Dias da Rocha|1811||Dionisio Torres|
|0150|800007005|RAIMUNDO DERVAL COSTA FILHO|1058||22970059894||2304400||R Leonardo Mota|1200||Meireles|
|0150|800007006|JURANDIR VIEIRA MARQUES|1058||97655878480||2304400||R Vicente Leite|707||Meireles|
|0150|800007007|DANIELA BARROS|1058||66630714598||2304400||R Leonardo Mota|1855||Aldeota|
|0150|800007008|MARIA DE FATIMA SILVEIRA|1058||93565661518||2304400||R JosÚ Vilar|196||Meireles|
|0150|800007010|ANTONIO AURYVAN PINHEIRO|1058||66887764210||2304400||R Ana Bilhar|150||Meireles|
|0150|800007011|ISAC FERREIRA MARTINS|1058||79285786707||2304400||Tr Júlio Pinto|82||Mucuripe|
|0150|800007012|RACHEL BOTELHO DE QUEIROZ|1058||38473835743||2304400||R da Paz|199||Meireles|
|0150|800007013|RANDAL LOPES DE ARAUJO|1058||90991309618||2304400||R Oito de Setembro|129||Varjota|
|0150|800007014|HENRIQUE RODRIGUES|1058||37857997722||2304400||R Coronel Juca|510||Meireles|
|0150|800007015|VAGNER LIMA DE MATOS|1058||46367725989||2304400||R Jardas de Alencar|156|PQ STA ROSA|Coaçu|
|0150|800007017|JURACI MUNIZ JUNIOR|1058||06354326762||2304400||R Bruno Porto|600||Parque Iracema|
|0150|800007018|CIA DE GAS DO CEARA - CEGAS|1058|73759185000196||069258635|2304400||AV. SANTOS DUMONT||000000|DUNAS|
|0150|800007019|ANA MARLEN R.DA COSTA|1058||77161176530||2304400||R Visconde de Barbacena|413|CASA 51|Cambeba|
|0150|800007020|DAVI GERMANO A.RIBEIRO|1058||19050818471||2304400||R Padre Eduardo|199||Vicente Pinzon|
|0150|800007021|JADSON RAMOS BEZERRA SAMPAIO|1058||16632541178||2301000||R VIA LOCAL|348|RUA VIRGILIO COELHO|Centro|
|0150|800007022|FERNANDA MARIA MESQUITA|1058||46154671768||2304400||R Capitão Gustavo|3686||Joaquim Távora|
|0150|800007023|MARILIA SOARES MENDES|1058||53532781786||2304400||R Eduardo Garcia|500||Aldeota|
|0150|800007024|LEIMAR GABRIEL MACIEL BEZERRA|1058||71153697394||2309508||R JosÚ Matos Leite|83|RUA ALMIRO CANDIDO 8|Centro|
|0150|800007025|LUCIONE LEAO SILVA OLIVEIRA|1058||21108692320||2304400||Av Frei Cirilo|2524||Cajazeiras|
|0150|800007026|ARMANDO CAPPELLO|1058||22833582803||2304400||R 404|110|CASA 110|Jangurussu|
|0150|800007028|ERIK ANDERS HENRIKSSON|1058||62805118391||2304400||R Carlos Vasconcelos|220||Meireles|
|0150|800007029|SUERDA MA.FILGUEIRA DE QUEIROZ|1058||77847679353||2304400||R Violeiro Aderaldo|34||Amadeu Furtado|
|0150|800007030|ALEXANDRE DAHER YUNES SALGABO|1058||90371410304||2304400||AV AV.NORTE 21565 AP.101|||AGUA FRIA|
|0150|800007031|DANADETTE ANDRADE NUNES|1058||96287586320||2304400||R Joaquim Alves|26||Meireles|
|0150|800007047|M. SHOP COMERCIAL LTDA|1058|01490698000800||116003947116|3550308||RUA LAGUNA||365|JD CARAVELAS|
|0150|800008026|LOJAS CARROSSEL COM. E REP.LTDA|1058|23455967000597||066697743|2304400||WASHINGTON SOARES||85 TERREO L.58A085|Edson Queiroz|
|0150|800008027|F.C.COMERCIAL DE PAP.E ALIM.LTDA|1058|08261624000174||061983063|2306256||R RAIMUNDO ALVES CAVALCANTE|108|AV.DEP PAULINO ROCHA|Centro|
|0150|800008028|WHIRLPOOL S.A.|1058|59105999000348||587083307116|3543907||Av 80 A|777||Distrito Industrial|
|0150|800008029|PANEBOX|1058|00481371000132||069511829|2304400||Av Governador Raul Barbosa|4210||Alto da Balança|
|0150|800008030|ALINE CRUZ SILVA|1058||06234540686||2304400||R Israel Bezerra|1010||Dionisio Torres|
|0150|800008031|GUILHERME PALACIO BEZERRA|1058||44373827141||2304400||R da Paz|555|5 ANDAR|Vicente Pinzon|
|0150|800008032|NATAL ESTEANIO B.JUNIOR|1058||25237462120||2304400||R São Judas Tadeu|197||São Gerardo|
|0150|800009987|CONSTRUTORA MOTA MACHADO|1058|07282783000192||061030155|2304400||Av Dom Luís|880|1ANDAR|Meireles|
|0150|800009988|RUBBER RAIZLER IND.COM.LTDA|1058|04150738000196||0570249074|4309209||Ro RS-030|2540|PAV7B|Sítio Sobrado|
|0190|UN|unidad|
|0190|PC|pacote|
|0190|UD|unidade|
|0190|PEC|pecote|
|0190|UM|unidade|
|0200|030053|REF.BRASTEMP F.FREE 420L BRM42 BR|||UN|00||||||
|0200|030130|REF.BRASTEMP F.FREE 352L BRM39 INOX|||UN|00||||||
|0200|030133|REF.BRASTEMP F.FREE 352L BRM39 BR|||UN|00||||||
|0200|030250|SEC.BRASTEMP/PISO ROTAT.BSX10A PRATA|||UN|00||||||
|0200|030253|SEC.BRASTEMP/PISO ROTAT.BSR10A BR|||UN|00||||||
|0220|PC|1,000|
|0200|030303|LAVALOUCA BRASTEMP 12SERV.BLE12 BR|||UN|00||||||
|0220|PC|1,000|
|0200|030333|LAVAROUPA BRASTEMP 11KG BWL11 INOX|||UN|00||||||
|0200|030353|LAVASECA BRASTEMP 7kg/4Kg BWS24 PRATA|||UN|00||||||
|0200|030363|LAVAROUPA BRASTEMP 8KG BWB08A|||UN|00||||||
|0220|PC|1,000|
|0200|030373|LAVAROUPA TOTAL BRASTEMP 9KG BWL09A|||UN|00||||||
|0220|PC|1,000|
|0200|030383|LAVAROUPA BRASTEMP 11Kg BWL11 BR|||UN|00||||||
|0220|PC|1,000|
|0200|030433|FOGAO BRASTEMP CLEAN 4B BFO50BB BR|||UN|00||||||
|0200|030443|FOGAO BRASTEMP CLEAN 6B BFO76BB BR|||UN|00||||||
|0200|030450|FOGAO BRASTEMP CLEAN 4B BFO50 INOX|||UN|00||||||
|0200|030460|FOGAO BRASTEMP CLEAN 6B BFO76 INOX|||UN|00||||||
|0200|030473|AR SPLIT BRASTEMP 9000BTU BBV09/BBY09|||UN|00||||||
|0220|PC|1,000|
|0200|030483|AR SPLIT BRASTEMP 12000BTU BBV12/BBY12|||UN|00||||||
|0220|PC|1,000|
|0200|030523|DEPURADOR BRASTEMP DE VILLE 4B BAA60|||UN|00||||||
|0200|030533|DEPURADOR BRASTEMP DE VILLE 6B BAA80|||UN|00||||||
|0200|030543|DEPUR.BRASTEMP QUALITY 4B XAT60 INOX|||UN|00||||||
|0200|030553|DEPUR.BRASTEMP QUALITY 6B XAT80 INOX|||UN|00||||||
|0220|PC|1,000|
|0200|030910|COOKTOP BRASTEMP 5B GAS VIDRO BDD76|||UN|00||||||
|0220|PC|1,000|
|0200|030940|FRIGO.BRASTEMP PORT/VIDRO 80L BZA08|||UN|00||||||
|0220|PC|1,000|
|0200|030960|ADEGA BRASTEMP 12GARRFAS BZC12 PRETA|||UN|00||||||
|0220|PC|1,000|
|0200|030970|FRIGOBAR BRASTEMP 120L BRC12X INOX|||UN|00||||||
|0220|PC|1,000|
|0200|031073|FOG.BRAST.ATIVE EMB.5B TIME BY776 BR|||UN|00||||||
|0220|PC|1,000|
|0200|031130|COIFA BRASTEMP BAI91 INOX|||UN|00||||||
|0220|PC|1,000|
|0200|031170|FOG.BRASTEMP ATIVE 5B EMB. BY776 INOX|||UN|00||||||
|0220|PC|1,000|
|0200|031240|ASPIRADOR PO BRASTEMP CLEAN B7B14A|||UN|00||||||
|0200|040013|REF.CONSUL F.FREE 360L CRB36 BR|||UN|00||||||
|0200|040053|REF.CONSUL 360L DUPLEX CRD36F BR|||UN|00||||||
|0220|PC|1,000|
|0200|040103|FREEZER CONSUL 260L CVU26D BR|||UN|00||||||
|0200|040133|FRIGOBAR CONSUL 120L CRC12A BR|||UN|00||||||
|0200|040173|FREEZER CONSUL 200L CVU20D BR|||UN|00||||||
|0220|PC|1,000|
|0200|040183|FREEZER CONSUL 100LTS CVT10B BRANCO|||UN|00||||||
|0200|040213|REF.CONSUL F.FREE 330L CRM33A BR|||UN|00||||||
|0200|040223|REF.CONSUL F.FREE 370L CRM37 BR|||UN|00||||||
|0200|040250|AR COND.CONSUL 7500 CCN07 C/CONT.|||UN|00||||||
|0220|PC|1,000|
|0200|040280|AR COND.CONSUL 12000 CCY12A C/CONTROLE|||UN|00||||||
|0200|040290|AR COND.CONSUL 10000 CCN10 C/CONT.|||UN|00||||||
|0220|PC|1,000|
|0200|040340|AR CONDICIONADO CONSUL 18000 CCI18C|||UN|00||||||
|0200|040383|FOG.CONSUL FACILITE 4B CF550 INOX|||UN|00||||||
|0200|040393|FOG.CONSUL FACILITE 6B CF576 INOX|||UN|00||||||
|0200|040423|LAVAROUPA CONSUL 7KG CWI07 BR|||UN|00||||||
|0200|040430|DEPURADOR CONSUL 4B CAT60 INOX|||UN|00||||||
|0200|040440|DEPURADOR CONSUL 6B CAT80 INOX|||UN|00||||||
|0220|PC|1,000|
|0200|040520|AR SPLIT CONSUL 12000BTU CBV12/CBY12|||UN|00||||||
|0220|PC|1,000|
|0200|040550|ASPIRADOR PO CONSUL LEVE C7P13B|||UN|00||||||
|0200|040560|ASPIRADOR PO CONSUL SUPER C7A14A|||UN|00||||||
|0200|050610|FOGAO CONT.SPLENDIDO 6B INOX|||UN|00||||||
|0200|060100|BIC. CALOI ALUMINUM 21V ARO26|||UN|00||||||
|0200|070410|TV CCE 14" C/CONTROLE HPS-1497|||UN|00||||||
|0200|070420|TV CCE 14" TELA PLANA TV-1418|||UN|00||||||
|0200|090220|CENTRIFUGA NKS TSK445 BRANCA|||UN|00||||||
|0200|090240|GRILL/SANDUICHEIRA NKS I-15 PRETA/IN|||UN|00||||||
|0200|100030|FOGAO ESMALTEC SAMOA 4B INOX 4013|||UN|00||||||
|0200|100160|GELAGUA ESMALTEC EGC35B INOX PR|||UN|00||||||
|0220|UD|1,000|
|0200|100200|GELAGUA COLUNA ESMALTEC EGC35B|||UN|00||||||
|0200|100210|GELAGUA MESA ESMALTEC EGM30 BR|||UN|00||||||
|0200|101350|SALADEIRA PEPS 12CM LUMINARC 63355|||UN|00||||||
|0200|101420|PRATO CARINE SOBREM.LUMINARC D2366|||UN|00||||||
|0200|101510|PRATO CARINE RASO LUMINARC D2373/67|||UN|00||||||
|0200|120020|LIQUIDIFICADOR C/FILTRO MONDIAL L-51|||UN|00||||||
|0200|120060|PANIFICADORA MONDIAL PF-51|||UN|00||||||
|0200|120080|VENTILADOR COLUNA 40CM MONDIAL V-61|||UN|00||||||
|0200|120090|VENTILADOR 30CM MONDIAL NV-31|||UN|00||||||
|0200|120110|CIRCULADOR TORRE MONDIAL CT-01|||UN|00||||||
|0200|150040|VENTILADOR MALLORY BOREAL 30CM|||UN|00||||||
|0200|150070|SANDUICHEIRA MALLORY GRILLMAX|||UN|00||||||
|0200|180203|F.MIC.PANASONIC FAMILY 35L NN-ST669|||UN|00||||||
|0200|180260|F.MI.PANASONIC PICCOLO NN-ST359 PRATA|||UN|00||||||
|0200|180280|TEL.S/FIO PANASONIC KXTG1371(1,9GHz)|||UN|00||||||
|0200|180290|TELEF.BINA PANASONIC KXTG1381(1,9GHZ)|||UN|00||||||
|0200|180420|MINI SYSTEM PANASONIC SC-AKX52LB|||UN|00||||||
|0200|180580|RAMAL/SECRET.PANASONIC KX-TG6522|||UN|00||||||
|0200|180590|TEL.RAMAL/BINA PANASONIC KX-TG6512|||UN|00||||||
|0200|180600|TV PANASONIC LED 42" TC-L42E5BG|||UN|00||||||
|0200|180700|TV PANASONIC PLASMA 5O" 3D TC-P50UT50B|||UN|00||||||
|0200|180770|TV PANASONIC LCD DTV 32" TC-L32C30B|||UN|00||||||
|0200|180790|TV PANASONIC LCD 42" TC-L42U30B|||UN|00||||||
|0200|180860|LIXADOR/PEDICURE PANASONIC ES2502|||UN|00||||||
|0200|180920|SUPORTE P/TV LCD 17"A 60" FIXO|||UN|00||||||
|0200|180930|SUPORTE P/TV LCD 26"A 32" ARTICULADO|||UN|00||||||
|0200|220143|LAVAROUPA ELECTROLUX 6KG LTE06|||UN|00||||||
|0200|220183|LAVAROUPA ELECTROLUX 9KG LTE09|||UN|00||||||
|0200|220223|REF.ELECTROLUX DISPENSER RW34 BR|||UN|00||||||
|0200|220283|F.ELECTROLUX F.FREE 236L FFE24 BR|||UN|00||||||
|0200|220370|FOG.ELECTROLUX 2xFORNO 4B INOX 56DTX|||UN|00||||||
|0200|290060|FORNO ELETRICO SUGGAR 23L FE2322 INOX|||UN|00||||||
|0200|290190|SANDUICHEIRA SUGGAR SD-2022|||UN|00||||||
|0200|290220|LIQUID.SUGGAR LIQMAX LQ2222|||UN|00||||||
|0200|290230|GRILL COOK PRESS SUGGAR GR2042|||UN|00||||||
|0200|290260|JARRA ELETRICA SUGGAR JR1002|||UN|00||||||
|0200|290290|PANELA ELETRICA SUGGAR PE1022|||UN|00||||||
|0200|290300|CAFETEIRA SUGGAR 20XIC.INOX CF2022|||UN|00||||||
|0200|330050|FERRO WALITA AUTOMATICO RI133|||UN|00||||||
|0200|330090|BATEDEIRA WALITA RI7110|||UN|00||||||
|0200|330150|LIQUID. WALITA ALUMINIO RI2094|||UN|00||||||
|0200|330210|LIQUID. WALITA 2V RI2008|||UN|00||||||
|0200|330250|SANDUIC.WALITA GRILL 2386 PANINI|||UN|00||||||
|0200|500561|PICADOR/CEBO.BLACK WHITE MIMO SF9213|||UN|00||||||
|0200|500611|FACA MULTI.C/CABO COLOR MIMO ALA1082|||UN|00||||||
|0200|501720|VAPOREIRA/SILICONE MIMO 998004|||UN|00||||||
|0200|501850|LIXEIRA TELA 26CM MIMO ALX03|||UN|00||||||
|0200|501900|BATEDOR DE OVO MIMO ASA7|||UN|00||||||
|0200|502030|SACA ROLHA EMBORRACHADO MIMO AC9188|||UN|00||||||
|0200|502181|BANDEJA RETANG.INOX PQ.MIMO BJ1102|||UN|00||||||
|0200|502191|BAND./ALCA ONDUL.INOX PQ MIMO BJ1104|||UN|00||||||
|0200|502201|BAND./ALCA OVAL INOX GR MIMO BJ1106|||UN|00||||||
|0200|502371|SUPORTE/PAREDE/UTENS.MIMO ASA9157|||UN|00||||||
|0200|502383|PRENDEDOR/ALIM.SILIC.4PC.MIMO SN1064|||UN|00||||||
|0200|502390|DESCANSO/PANELA SILIC.MIMO SN1057/58|||UN|00||||||
|0200|520280|JG.XICARA/CAFE 4PCS ALIMP.P124|||UN|00||||||
|0200|520650|TRAVESSA P/PAO ALIMP.RS719PAN|||UN|00||||||
|0200|530750|BAND.CROISE C/ALÇA PRATA ROG.8005|||UN|00||||||
|0200|650200|PROTETOR P/GARRAFAO AQUAXIQUE|||UN|00||||||
|0200|660090|GARRAFA TERM.SAMBA QUICK 1L COLOR|||UN|00||||||
|0200|700560|PINCA/ORIF.COLOR HUDSON 11806|||UN|00||||||
|0200|700590|AFIADOR FACAS HUDSON FK42181|||UN|00||||||
|0200|700650|RODO/PIA TRANSP.HUDSON ID22200|||UN|00||||||
|0200|700950|ESCOVA P/JARRAS HUDSON CB15695|||UN|00||||||
|0200|701390|MINI ESPANADOR HUDSON SX30011|||UN|00||||||
|0200|701410|MINI LIMPADOR CABO HUDSON EV-CD|||UN|00||||||
|0200|701450|PORTA SACO HUDSON JO-05029|||UN|00||||||
|0200|701750|LUVA P/LIMPEZA/MICROF.HUDSON EVFWMM|||UN|00||||||
|0200|701760|COLHER E ESPATULA LONGA HUDSON EVLSS|||UN|00||||||
|0200|701810|POTE PLAST.CONSERVAR HUDSON MS31131|||UN|00||||||
|0200|701830|FRIGIDEIRA PORQUINHO HUDSON MS78053|||UN|00||||||
|0200|710020|ESCORREDOR 20PRATOS MAK INOX|||UN|00||||||
|0200|740300|KIT CANETA/ABRIDOR/VINHO PALAN.TMH966|||UN|00||||||
|0200|810170|JG.AMERICANO DIVERSO EDFORT 6PCS|||UN|00||||||
|0200|812930|LUVAS/SILICONE EDFORT CREME GAL27|||UN|00||||||
|0200|812960|RALADOR QUEIJO BONECA EDF.RAL|||UN|00||||||
|0200|812970|KIT LIMPEZA 5PCS EDFORT SL001|||UN|00||||||
|0200|813370|BALDE P/PIPOCA PLAST.EDF.GRANDE SX96|||UN|00||||||
|0200|820830|COLHER DUPLA 28CM QUADRIF.KD2604596|||UN|00||||||
|0200|840970|PRATO GITATORIO 40CM BENC.74106|||UN|00||||||
|0200|880050|FRIGIDEIRA 28 PROFIS.MULT.46028|||UN|00||||||
|0200|880080|FRIGID.32 MASTER MULTIFLON 46032|||UN|00||||||
|0200|890210|JG.6PANELAS TRAMONT.INOX 65510/200|||UN|00||||||
|0200|890390|FAQUEIRO/EST.101PCS TRAMOT.66932/865|||UN|00||||||
|0200|890430|LIXEIRA C/PEDAL 20L INOX TRAM.94538/20|||UN|00||||||
|0200|900252|JG.6MINI FORMAS SIL.QUAD.FULL 15021|||UN|00||||||
|0200|900840|MOEDOR PIMENTA E SAL ACRI.FULL.15407|||UN|00||||||
|0200|901080|PORTA GELEIA/COLHER FULL 13782|||UN|00||||||
|0200|902110|ADEGA P/8GAR.C/FRIGOBAR FULL 25149|||UN|00||||||
|0200|902550|PEDRA P/AMOLAR FACA FULL 15827|||UN|00||||||
|0200|910710|SALADEIRA KING RICAELLE PM7B/12|||UN|00||||||
|0200|910781|JG.6TACAS CLAUDIA V.TINTO RICAELLE|||UN|00||||||
|0200|910782|JG.6TACAS CLAUDIA V.BRANCO RICAELLE|||UN|00||||||
|0200|910784|JG.6TACAS CLAUDIA LICOR RICAELLE|||UN|00||||||
|0200|910785|JG.6TACAS CLAUDIA CHAMPANHE RICAELLE|||UN|00||||||
|0200|940390|CAPA P/MAQUINA DE LAVAR KOUNTRY|||UN|00||||||
|0200|950010|FOGAO GAS PORTATIL CHEFS YOI PRETO|||UN|00||||||
|0220|PC|1,000|
|0200|950310|CHURRASQ.ELET.FISCHER GRILL 4513|||UN|00||||||
|0200|950370|COIFA PARED FISCHER TALENT 90cm.5456|||UN|00||||||
|0200|950480|COOKTOP FISCHER 3B GAS/2B VITROC.7730|||UN|00||||||
|0200|950490|FORNO ELETRICO FISCHER 44L INOX 9982|||UN|00||||||
|0200|040123|FRIGOBAR CONSUL 80L CRC08A BR|||UN|00||||||
|0200|040570|ASPIRADOR PO CONSUL FACILITE C7P14A|||UN|00||||||
|0200|100220|GELAGUA MESA ESMALTEC EGM30 ESTILO|||UN|00||||||
|0200|103300|ESPATULA INOX J.F.C|||UN|00||||||
|0200|103320|ESPUMADEIRA INOX J.F.C|||UN|00||||||
|0200|104040|COPO P/AGUA KABALLA SORTIDOS 10240|||UN|00||||||
|0200|180380|MINI SYSTEM PANASONIC SC-AKX80|||UN|00||||||
|0200|500720|ABRIDOR DE LATA MIMO ASA10|||UN|00||||||
|0200|501351|PORTA GUARDANAPO MIMO ASA19|||UN|00||||||
|0200|502180|BANDEJA RETANG.INOX GR MIMO BJ1101|||UN|00||||||
|0200|502190|BAND./ALCA ONDUL.INOX GR MIMO BJ1103|||UN|00||||||
|0200|502200|BAND./ALCA OVAL INOX PQ MIMO BJ1105|||UN|00||||||
|0200|700070|MELEIRA/VIDRO HUDSON PR-GH200|||UN|00||||||
|0200|702150|CLIPS/ARAME COLOR.HUDSON 12UN PR6012|||UN|00||||||
|0200|702160|REMOVEDOR ODOR HUDSON PR6700|||UN|00||||||
|0200|900692|MURAL/FOTO PRETO 15 FOTOS FULL 17079|||UN|00||||||
|0200|900980|PORTA DETERG./ESPONJA FULL 14564|||UN|00||||||
|0200|902050|PEGADOR P/CABO SILIC.FULL 14775|||UN|00||||||
|0200|950120|JG.AMERICANO 4PCS YOI AHG479|||UN|00||||||
|0200|030093|FREEZER BRASTEMP F.F 280L BVR28 BR|||UN|00||||||
|0200|030123|REF.BRASTEMP INVERSE 422L BRE50 INOX|||UN|00||||||
|0200|030263|SEC. BRASTEMP SUSPENSA 10KG BSI10A|||UN|00||||||
|0200|030300|LAVALOUCA BRASTEMP 12SERV.BLE12 INOX|||UN|00||||||
|0200|031120|COIFA BRASTEMP BAI60 INOX|||UN|00||||||
|0220|PC|1,000|
|0200|031160|FOG.BRAST.ATIVE 5B TIMER BF776 INOX|||UN|00||||||
|0220|PC|1,000|
|0200|031190|FOG.BRASTEMP.ATIVE 4B GRILL BF850 BR|||UN|00||||||
|0200|040203|REF.CONSUL F.FREE 330 CRM33 INOX|||UN|00||||||
|0200|050880|FORNO ELETRICO BOSCH INOX HBA11B TIMER|||UN|00||||||
|0200|050973|REF.BOSCH GLASS 445L KDN50X ESPELHO|||UN|00||||||
|0200|051060|COOKTOP BOSCH 2B GAS INOX PCD-345C|||UN|00||||||
|0200|051323|REFRIGER.BOSCH DUPLEX 342L KSV36 BR|||UN|00||||||
|0200|111130|CARTELA C/3 COLHERES NOLIA 7006|||UN|00||||||
|0200|120130|ESPREMEDOR PREMIUM MONDIAL E-02|||UN|00||||||
|0200|180910|REF.PANASONIC INVERTER 512L NRD512YZ|||UN|00||||||
|0220|PEC|1,000|
|0200|220133|LAVAROUPA ELECTROLUX 15KG LA15F|||UN|00||||||
|0200|270020|TV LG 23" LED/MONITOR FULL HD M2380A|||UN|00||||||
|0200|330030|LIQ.WALITA 3V FILTRO/ESPATULA RI2034|||UN|00||||||
|0200|500050|CAFETEIRA ALUM.P/9 XIC.MIMO AF09|||UN|00||||||
|0200|500122|JG.GALHETEIRO INOX MIMO 2PCS AQ03|||UN|00||||||
|0200|500126|JG.DE SOBREMESA IN0X 5PCS MIMO AQ01|||UN|00||||||
|0200|500380|CAFETEIRA INOX P/4 XIC.MIMO AFA04|||UN|00||||||
|0200|500820|ESCUMADEIRA MIMO ASA3|||UN|00||||||
|0200|502050|SUP/PAREDE/UTENS/6GANCH.MIMO SF9216|||UN|00||||||
|0200|700620|AMASSADOR ALHO/RECIP.HUDSON FK45589|||UN|00||||||
|0200|700680|ESPREMEDOR/LIMAO/PEIXE HUDSON PR3939|||UN|00||||||
|0200|700740|JG 5CLIPS P/SACO HUDSON EVPCMULTI|||UN|00||||||
|0200|700970|MIXER HUDSON FK42568|||UN|00||||||
|0200|701430|PENDURA BOLSA HUDSON EV-PH-ASST|||UN|00||||||
|0200|701841|ESPAT.PLAST./PORQUINHO HUDSON MS78027|||UN|00||||||
|0200|702180|ESCORREDOR/PRATO/DOB.HUDSON PRCDD100|||UN|00||||||
|0200|702240|RECIPIENTE P/ALHO HUDSON FK47373|||UN|00||||||
|0200|710190|PORTA GUARDANAPOS PEQ.MAK-INOX|||UN|00||||||
|0200|760058|FRUTEIRA 30CM BRILHANTE 06/391/30|||UN|00||||||
|0200|810880|PEG.P/SALADA 28CM EDF.GL194|||UN|00||||||
|0200|813550|GARRAFA TERMICA 1L COLOR EDFORT GAF|||UN|00||||||
|0200|820820|CLIP MAGNETICO/SOM QUADRIF.3300|||UN|00||||||
|0200|840240|JG.REFRESCO 7PÇS SQUARE BENC.64001|||UN|00||||||
|0200|880010|CHURRASQUEIRA 28 MULTIFLON 54528|||UN|00||||||
|0200|880030|FRIGIDEIRA 24 PROFIS.MULT.46024|||UN|00||||||
|0200|880090|CHALEIRA 18 MULTIFLON 54518|||UN|00||||||
|0200|890520|JG.P/SERVIR TP/VIDRO TRAMONT.3PCS 64310|||UN|00||||||
|0200|890550|JG.PANELAS TRAMONT.5PCS 65650700|||UN|00||||||
|0200|950400|COOKTOP INOX 4B FISCHER 4720-9548|||UN|00||||||
|0200|104090|JG.BANHEIRO 4PCS KABALLA SORTIDOS|||UN|00||||||
|0200|200360|DVD PHILIPS KARAOKE/MIC.DVP-3350KMX|||UN|00||||||
|0200|500810|RALADOR 4FACES QUAD.8 MIMO ASA8|||UN|00||||||
|0200|701613|TAPETE PEB TRA HUDSON ID-800-10|||UN|00||||||
|0200|903450|JG.4TACAS SOBREM.FULL PRETA 56480|||UN|00||||||
|0200|031030|FOG.BRASTEMP ATIVE EMB.4B INOX BY750|||UN|00||||||
|0200|040143|REF.CONSUL DEGELO SECO 300L CRA30 BR|||UN|00||||||
|0200|050840|DEP.BOSCH PROFESSIONAL 6B DHB845 INOX|||UN|00||||||
|0200|090280|FORNO ELETRICO NKS DKS-690|||UN|00||||||
|0200|150410|TORRADEIRA MALLORY TOSTARE PLUS|||UN|00||||||
|0200|500081|JG.4TACAS SILVER MARTINE MIMO TCS04|||UN|00||||||
|0200|570040|BULE CAFE 600ML BU05-001 HERCULES|||UN|00||||||
|0200|650360|POTE VIDRO FOSCO 14CM YANGZI 4227|||UN|00||||||
|0200|660141|POTE VIDRO DANISH 900ML M.SHOP|||UN|00||||||
|0200|680940|QUEIJEIRA VERONA SOYUS|||UN|00||||||
|0200|702210|JG.JANTAR REDONDO 20PCS HUDSON GL116|||UN|00||||||
|0200|840620|PRATO GIRAT.35CM BENC.740|||UN|00||||||
|0200|840980|PRATO GITATORIO 45CM BENC.74107|||UN|00||||||
|0200|902680|TABUA P/CORTE/BAMBU 30X20 FULL 13508|||UN|00||||||
|0200|940400|PORTA ROUPAS PVC/TRANSP.JAQUES 559|||UN|00||||||
|0200|1201|Branco Brilho|||UM|00||||||
|0200|090310|DVD/GAME/KARAOKE NKS DVD4600|||UN|00||||||
|0200|180390|DVD HOME THEATER PANASONIC SC-PT580LB|||UN|00||||||
|0200|530470|FRUTEIRA 3PES ROGEMAC 1384|||UN|00||||||
|0200|700320|TAMPA P/LATA REFRIG.HUDSON JO-05101|||UN|00||||||
|0200|811610|GARFO TRICHANTE EDF. 1915-6|||UN|00||||||
|0200|030860|REF.BRAST.SIDE BY SIDE 658L BRS70 INOX|||UN|00||||||
|0200|030870|REF.BRAST.SIDE BY SIDE 620L BRS62 INOX|||UN|00||||||
|0200|031200|FOG.BRASTEMP 5B GOUR.EMB.BY976 INOX|||UN|00||||||
|0200|050910|REFRIGERAD.ALL BOSCH 380L KSR39 INOX|||UN|00||||||
|0200|090200|PRANCHA ALIS.SECO MOLHADO NKS TS650|||UN|00||||||
|0200|090250|PRESS GRILL NKS TSK-1455|||UN|00||||||
|0200|100053|FOGAO ESMALTEC HAWAII 6B 6005 BR|||UN|00||||||
|0200|160120|PANELA ELET.P/ARROZ OSTER 6028|||UN|00||||||
|0200|220303|REF.ELECTROLUX F.FREE DF50 BR|||UN|00||||||
|0200|500111|JG P/CHURRASCO MIMO 4PCS ALF02|||UN|00||||||
|0200|500281|JG.SOBREMESA 7PCS MIMO ATB7|||UN|00||||||
|0200|500340|PENEIRA INOX 10CM MIMO AP10|||UN|00||||||
|0200|500360|PENEIRA INOX 16CM MIMO AP16|||UN|00||||||
|0200|500630|CORTADOR/QUEIJO MIMO ASA12|||UN|00||||||
|0200|501110|FAQUEIRO 72PCS MIMO MAL.AT72A/AT1072A|||UN|00||||||
|0200|502202|BAND.REDONDA/ALCA INOX MIMO BJ1107|||UN|00||||||
|0200|530250|BANDEJA 28X22 ROGEMAC 8298|||UN|00||||||
|0200|650720|TOALHA MESA REDON.NATAL 1,60CM YANGZI|||UN|00||||||
|0200|700972|MELEIRA HUDSON MS80151|||UN|00||||||
|0200|701710|PANQUEQUEIRA/OVO HUDSON MS50137|||UN|00||||||
|0200|890420|ESPAGUETEIRA TRAMONT.2PCS 65650/060|||UN|00||||||
|0200|901130|6TACAS SORVETE.JULIA FULL 55604|||UN|00||||||
|0200|901610|SOUPLAT INOX 33CM FULL 12658|||UN|00||||||
|0200|950300|CHURRASQ.ELET.FISCHER SWIFT 4665|||UN|00||||||
|0200|050990|REF.BOSCH F.FREE 403L KDN43A INOX|||UN|00||||||
|0200|090350|PRESS GRILL TP/VIDRO NKS TSK-2161|||UN|00||||||
|0200|900121|CANECA INOX P/VIAGEM FULL 13921|||UN|00||||||
|0200|500560|PICADOR/CEBOLA CROM.MIMO SF9214|||UN|00||||||
|0200|840230|JG.P/BOLO CERAM.2P?S 26CM BENC.8400|||UN|00||||||
|0200|902482|ESCORREDOR 32X22 GRANDE FULL 2006|||UN|00||||||
|0200|903070|PA P/GELO FULL 13574|||UN|00||||||
|0200|950261|BANDEJA 29X22 YOI VERMELHA|||UN|00||||||
|0200|030630|LAVALOUCA BRASTEMP 8SERV.PLE20 PRATA|||UN|00||||||
|0220|PC|1,000|
|0200|031100|F.MIC.BRASTEMP GRATINE 30L BMX35 INOX|||UN|00||||||
|0200|050543|FOGAO CONT.PERFETTO 4B FSF12 BR|||UN|00||||||
|0200|050830|DEP.BOSCH PROFESSIONAL 4B DHB645 INOX|||UN|00||||||
|0200|090320|MICRO SYSTEM NKS MP3 PCD3005|||UN|00||||||
|0200|090340|RADIO PORTATIL NKS AM/FM AC-122|||UN|00||||||
|0200|101320|PRATO FUNDO PEPS LUMINARC 63376|||UN|00||||||
|0200|101340|SALADEIRA MULTI-US PEPS LUMIN.63379|||UN|00||||||
|0200|101390|JG.2TACAS VINHO TINT.LUMINARC E8036|||UN|00||||||
|0200|104050|TACA ESPUMANTE KABALLA SORTIDOS 10250|||UN|00||||||
|0200|120040|MINI PROCESSADOR MONDIAL MP-01|||UN|00||||||
|0200|120050|GRILL PREMIUM MONDIAL G-01|||UN|00||||||
|0200|120140|FERRO SECO NACIONAL MONDIAL F-11|||UN|00||||||
|0200|150120|BATEDEIRA MALLORY GIROMAX|||UN|00||||||
|0200|150310|SANDUICHEIRA MALLORY GRILL MAX INOX|||UN|00||||||
|0200|150320|TORRADEIRA MALLORY TOSTARE CHROMA|||UN|00||||||
|0200|150450|LIQUIDIFICADOR MALLORY MAGNIFIC INOX|||UN|00||||||
|0200|180180|F.MIC.PANASONIC PICCOLO NN-ST362 PRATA|||UN|00||||||
|0200|180253|F.MIC.PANASONIC PERFECT NN-ST568|||UN|00||||||
|0200|180263|F.MIC.PANASONIC PICCOLO NST369 LIGHT|||UN|00||||||
|0200|180490|HOME THEATER 3D PANASONIC SC-BTT490|||UN|00||||||
|0200|180810|DEPILADOR PANASONIC SEC/MOLH.ES2059|||UN|00||||||
|0200|220013|REF.ELECTROLUX 80LTS RE80 BR|||UN|00||||||
|0200|220023|REF.ELECTROLUX 120LTS RE120 BR|||UN|00||||||
|0200|220403|FOGAO ELECTROLUX 5B 76STX INOX|||UN|00||||||
|0200|290180|FERRO SECO SUGGAR FR-3522|||UN|00||||||
|0200|330020|LIQUIDIFICADOR WALITA 3V RI2035/00|||UN|00||||||
|0200|330240|ESPREMEDOR|||UN|00||||||
|0200|530770|JG. TRIO LONG DRINK ROG.5029 6P?S|||UN|00||||||
|0200|531310|RELOGIO PAREDE 17,5CM ROG.9826|||UN|00||||||
|0200|670890|AGUA PERFUMADA P/AMBIENTE 230ML|||UN|00||||||
|0200|700640|RALO DE PIA HUDSON FK61055|||UN|00||||||
|0200|701420|MINI LIMPADOR HUDSON EV-FGR-M|||UN|00||||||
|0200|701610|CABIDE METAL/CINTO HUDSON RI66955|||UN|00||||||
|0200|710010|ESCORREDOR 16PRATOS MAK INOX|||UN|00||||||
|0200|710270|ESCORREDOR 16PRATOS MAKINOX COLOR|||UN|00||||||
|0200|760061|FRUTEIRA C/PE BRILHANTE 06/393/27|||UN|00||||||
|0200|760230|JG.TACAS CLAUDIA VINHO T.05/066 6Pcs|||UN|00||||||
|0200|812010|LUVAS/SILICONE EDFORT GL234|||UN|00||||||
|0200|812100|MANTEGUEIRA/PORTA/TEMP.EDF.TBZ1|||UN|00||||||
|0200|813030|PETISQUEIRA 21CM EDFORT HP002|||UN|00||||||
|0200|820610|CORTA/PIZZA SUPER QUADRI.5140|||UN|00||||||
|0200|850050|CHAPA DUPLA FACE 280X230 FUMIL|||UN|00||||||
|0200|890200|JG.5PANELAS TRAMONT.INOX 65800/200|||UN|00||||||
|0200|890310|TRAVESSA FUNDA INOX TRAM. 61517|||UN|00||||||
|0200|900570|ESPONJA P/LAVAR 25CM FULL 20076|||UN|00||||||
|0200|901160|JG.6TACAS CERVEJA JUL.FULL 55606|||UN|00||||||
|0200|901860|JG DOMINO 12 CASAS FULL 14568|||UN|00||||||
|0200|902230|GARRAFA P/AGUA 1000ML FULL 14893|||UN|00||||||
|0200|902270|FRIG.WOK TP/VIDRO 32CM FULL 13892|||UN|00||||||
|0200|910110|PORTA GUARDANAPO RICAELLE 129|||UN|00||||||
|0200|910350|CONJ.GRAPA 7PCS RICAELLE C202|||UN|00||||||
|0200|980060|FORMA P/PUDIM 1,2L 648401|||UN|00||||||
|0200|060210|BIC.ERGOMETRICA CALOI CLASSIC CLB10|||UN|00||||||
|0200|030293|LAVALOUCA BRASTEMP 8SERV.BLE20 BR|||UN|00||||||
|0220|PC|1,000|
|0200|030880|REF.BRASTEMP F.FREE 470L BRM47 INOX|||UN|00||||||
|0200|040233|REF.CONSUL F.FREE 450L CRM45 INOX|||UN|00||||||
|0200|050553|FOGAO CONT. PERFETTO 6B FSK12 BR|||UN|00||||||
|0200|050630|FOGAO CONT.G.PRIX 5B EMB.FEK14X INOX|||UN|00||||||
|0200|050683|REFRIG. CONTINENTAL 270L RC27 BR|||UN|00||||||
|0200|050803|DEP.CONTINENTAL MASSIMO 4B PHS64 BR|||UN|00||||||
|0200|050983|REF.BOSCH F.FREE 403L KDN43A BR|||UN|00||||||
|0200|051070|COOKTOP BOSCH 2B VITROCERAMIC PKC345|||UN|00||||||
|0200|051220|FOG.BOSCH STYLE GRILL 4B HSF43I INOX|||UN|00||||||
|0200|051320|FOGAO BOSCH EXPR.GRIL 5B EM.INOX HEK|||UN|00||||||
|0200|090010|FORNO ELETRICO NKS DKS-650C|||UN|00||||||
|0200|090270|FACA ELETRICA NKS TSK-370|||UN|00||||||
|0200|100013|FOGAO ESMALTEC CARIBE 4B BR|||UN|00||||||
|0200|104190|BALDE KABALLA SORTIDOS 10710|||UN|00||||||
|0200|180900|BARBEADOR PANASONIC ES7101/ESRT31|||UN|00||||||
|0200|500450|MOEDOR/PIMENTA INOX MIMO AM04|||UN|00||||||
|0200|500840|MOEDOR/PIMENTA GRANDE MAD.AM01 MIMO|||UN|00||||||
|0200|531670|RELOGIO PAREDE 15CM ROGEMAC 9827|||UN|00||||||
|0200|680150|PRATO BRAS.P/BOLO C/TAMPA 28CM SOYUS|||UN|00||||||
|0200|680690|PRATO PLANO COM ABA SOYUS|||UN|00||||||
|0200|700790|POTE RET.C/3DIV.1L HUDSON KX71511|||UN|00||||||
|0200|710280|ESCORREDOR 20PRATOS MAKINOX COLOR|||UN|00||||||
|0200|760860|PRATO C/PE BRILHANTE 16/088/34|||UN|00||||||
|0200|812740|LEITEIRA EDFORT SO997|||UN|00||||||
|0200|900120|COPO P/VIAGEM FULL 13627 AZUL|||UN|00||||||
|0200|902600|COOLER P/6LONG NECK FULL 15794 AZ|||UN|00||||||
|0200|902650|ESCOVA/BANHEIRO/SUP.PAPEL FULL 13015|||UN|00||||||
|0200|910010|PORTA TALHER C/TP RICAELLE 165|||UN|00||||||
|0200|500390|CAFETEIRA INOX P/6 XIC.MIMO AFA06|||UN|00||||||
|0200|700510|CAB.P/GRAV.20POSIC.HUDSON EVTATW|||UN|00||||||
|0200|701110|ABRIDOR 3X1 HUDSON EV31CS|||UN|00||||||
|0200|810520|ESPREMEDOR ALHO EDFORT GL120|||UN|00||||||
|0200|890120|FRIGID.ALUM.24CM TRAMONTINA COLOR|||UN|00||||||
|0200|901280|CANTIL LISO INOX FULL 12949|||UN|00||||||
|0200|901980|DOSADOR/WHISKY FULL 13561|||UN|00||||||
|0200|902430|RECHAUD RETAG.3L INOX FULL 13071|||UN|00||||||
|0200|950110|JG.4 ARGOLAS/GUARDANAPO YOI|||UN|00||||||
|0200|030343|LAVAROUPA BRASTEMP SS 9KG BWX09 INOX|||UN|00||||||
|0200|040453|LAVAROUPA CONSUL 6KG CWI06 BR|||UN|00||||||
|0200|050993|REF.BOSCH SIDE BY SIDE KAN60 INOX|||UN|00||||||
|0200|104010|COPO KID KABALLA SORTIDOS 10130|||UN|00||||||
|0200|111120|PORTA BATOM/ESPELHO NOLIA F12453|||UN|00||||||
|0200|150050|LIQUIDIFICADOR MALLORY EXPERT 2V|||UN|00||||||
|0200|200110|TV PHILIPS 29"T.PLANA SLIN 29PT9467|||UN|00||||||
|0200|220120|AR COND ELECTROLUX 10000 EAE10F/CONTROLE|||UN|00||||||
|0200|680230|FRUTEIRA FOLIAGE C/PE SOYUS|||UN|00||||||
|0200|680660|SALADEIRA PANDORA 360 SOYUS|||UN|00||||||
|0200|700200|JG.4TIG.COLHER SORVETE HUDSON MS26188|||UN|00||||||
|0200|700270|TELA P/ALIMENTOS HUDSON FK44480|||UN|00||||||
|0200|701210|DESENTUPIDOR PIA HUDSON FQ10000|||UN|00||||||
|0200|701260|POTE QUADRADO 5,2L HUDSON KX71526|||UN|00||||||
|0200|701730|PA/LIXO/ESCOVA HUDSON CB56211|||UN|00||||||
|0200|740240|JG.P/VINHO 4PCS PALANI ZX928L|||UN|00||||||
|0200|790160|JG.JANTAR 20PCS GLOBAL.|||UN|00||||||
|0200|820540|CJ.MORINGA/COPO FOLHA QUADRI.0848|||UN|00||||||
|0200|880110|FRIGID.WOK 34 C/ASA/TP.MULT.45234|||UN|00||||||
|0200|950090|BUTANO IWATANI 250GR YOI|||UN|00||||||
|0220|PC|1,000|
|0200|950212|CONJ.4TABUAS P/CORTE YOI|||UN|00||||||
|0200|150420|VENTILADOR MALLORY ZEFIRO 40CM|||UN|00||||||
|0200|501590|JG. 4POTES VID.BOLINHA MIMO VD18|||UN|00||||||
|0200|530090|PRATO P/BOLO RED.40CM ROGEMAC 8514|||UN|00||||||
|0200|700830|FATIADOR/MACA HUDSON 966/9|||UN|00||||||
|0200|101310|PRATO RASO PEPS LUMINARC 63371|||UN|00||||||
|0200|813530|TOALHA DECORADA/BOLO EDFORT TEA001|||UN|00||||||
|0200|900222|CHAMPANHEIRA BARCO GR. BR FULL 14460|||UN|00||||||
|0200|900283|SUPORTE P/FATIAR FULL.15048|||UN|00||||||
|0200|900671|JG.12GARFOS P/PETISCO FULL.16684|||UN|00||||||
|0200|910790|JG.30 TACAS FOR YOUR RICAELLE FH030|||UN|00||||||
|0200|502381|APOIO MULTIUSO SILIC.MIMO SN1056|||UN|00||||||
|0200|660490|SALADEIRA 12CM M.CASS 0257|||UN|00||||||
|0200|813290|CHAMPANHEIRA/SEPARAD.EDFORT BCHAMPSEP|||UN|00||||||
|0200|813310|JG.XICARAS EDFORT 6PCS FE80|||UN|00||||||
|0200|820120|RALO PIA INOX QUADRIFOGLIO 4034|||UN|00||||||
|0200|820500|COLHER/ESPAT.CABO/INOX QUAD.4S10|||UN|00||||||
|0200|910170|CUPULA NAPOLES MEDIA RICAELLE 380|||UN|00||||||
|0200|910240|6PORTA COPOS/RECIP. RICAELLE 215|||UN|00||||||
|0200|910670|PRATO P/BOLO KING 33CM RICAELLE DL13P|||UN|00||||||
|0200|910720|JG.P/BOLO KING 7PCS RICAELLE NGR12S|||UN|00||||||
|0200|040163|REF.CONSUL 241L DISPENSER CRP28B BR|||UN|00||||||
|0200|180550|DVD HOME THEATER PANASONIC SC-PT75LB|||UN|00||||||
|0200|200380|MINI SYSTEM PHILIPS MP3 FWM208|||UN|00||||||
|0200|500690|PORTA PAPEL TOALHA MIMO AC09|||UN|00||||||
|0200|502330|CANECA PORC. HORIZ.MIMO PH801|||UN|00||||||
|0200|520200|JG/JANTAR 20PCS AMARYGE ALIMP.P196120|||UN|00||||||
|0200|820080|TELA PROTET.35CM QUADRIF.99054|||UN|00||||||
|0200|880120|FRIGID.WOK 34 C/CABO MULTIF.45134|||UN|00||||||
|0200|902941|TESOURA MULTIUSO INOX FULL 15750|||UN|00||||||
|0200|980220|POTE RED.FREE/MIC PLASVALE 1,75L R443|||UN|00||||||
|0200|980320|TIGELA C/TP RET.FACILITA 750ML 070676|||UN|00||||||
|0200|180820|APARADOR/PELOS/FACE PANASONIC ES2113|||UN|00||||||
|0200|900690|P/RETRATO 13X18 INOX/BR.FULL 15167|||UN|00||||||
|0200|531970|P/GUARDANAPO ROG.15CM 1379 BM|||UN|00||||||
|0200|532410|VASO PRATEADO ROGEMAC 7,5 9019|||UN|00||||||
|0200|532430|JG.FAQ.WOLFF/CX/MAD.30PCS ROG.9992|||UN|00||||||
|0200|532450|JG.2TALHERES P/SALADA PRATA ROG.9012|||UN|00||||||
|0200|532460|JG.2TALHERES P/BOLO PRATA ROG.9013|||UN|00||||||
|0200|700760|POTE RETANG. 2,4L HUDSON KX71505|||UN|00||||||
|0200|902950|POTE VIDRO/TP MAD.22,5CM FULL 46108|||UN|00||||||
|0200|910540|PORTA TEMPERO RICAELLE 5PCS 125|||UN|00||||||
|0200|101330|PRATO SOBREMESA PEPS LUMINARC 63377|||UN|00||||||
|0200|701611|PORTA TOALHA P/BANCADA HUDSON ID55658|||UN|00||||||
|0200|813100|JG.6XIC.CAPUCCINO EDF.FE707/711/721|||UN|00||||||
|0200|940430|PORTA BOLSA JAQUES 614|||UN|00||||||
|0200|841050|MOLHEIRA C/PRATO 250ML BENC.40032|||UN|00||||||
|0200|841060|POTE C/COLHER BR 1,25L BENC.40051|||UN|00||||||
|0200|902130|ESPREMEDOR BATATA FULL FIT 12826|||UN|00||||||
|0200|950420|CHURRASQUEIRA GAS FISCHER 9188|||UN|00||||||
|0200|030273|LAVAROUPA BRASTEMP 8KG BWC08A|||UN|00||||||
|0200|180400|MINI SYSTEM PANASONIC SC-AKX10|||UN|00||||||
|0200|660880|PORTA GUARDANAPO BAMBU M.SHOP 100019|||UN|00||||||
|0200|700780|POTE RETANG. 4,6L HUDSON KX71506|||UN|00||||||
|0200|700800|POTE RET.C/3DIV.5L HUDSON KX71512|||UN|00||||||
|0200|701250|POTE QUADRADO 3,1L HUDSON KX71523|||UN|00||||||
|0200|810150|TAMPA P/FRIT.SILIC.EDF.20CM GL292|||UN|00||||||
|0200|900920|PORTA RETRATO 13X18 14416 FULL|||UN|00||||||
|0200|901570|BOMBONIERE VIDRO FULL 56058|||UN|00||||||
|0200|180740|AUTO RAD.CD/FM/MP3 PANASONIC CQ-1304|||UN|00||||||
|0200|702230|JG.JANTAR RED.30PCS HUDSON GL11692|||UN|00||||||
|0200|702030|CORTADOR/MASSA HUDSON FK43403|||UN|00||||||
|0200|702100|LIXEIRA 3L ACO/ESCOV.HUDSON NSRTC03L|||UN|00||||||
|0200|761380|PETISQUEIRA 18CM BRILHAN.16/094/18|||UN|00||||||
|0200|820190|JG.4PRATO SOBREMESA QUADRIF.183|||UN|00||||||
|0200|500480|RELOGIO DE PAREDE 31CM R449 MIMO|||UN|00||||||
|0200|501030|JG.6XICARAS P/CAFE BR MIMO F12B|||UN|00||||||
|0200|702070|POTE RETANG.HUDSON 450ML KX71502|||UN|00||||||
|0200|710050|JOGO P/APERITIVO MAK INOX|||UN|00||||||
|0200|710340|CONJUNTO P/QUEIJO MAK-INOX|||UN|00||||||
|0200|710410|GANCHOS P/BARRA/UTENS. MAK-INOX|||UN|00||||||
|0200|090120|RADIO AM/FM 4 FAIXAS NKS AC-118|||UN|00||||||
|0200|700321|JG.2TAMPAS DOSADORAS GR HUD.PR3037B|||UN|00||||||
|0200|900241|LUVA DE SILICONE FULL 11615|||UN|00||||||
|0200|900821|FORMA P/GELO EMB.C/2MEXED.FULL 16665|||UN|00||||||
|0200|950262|BANDEJA 42X29 YOI GIRAFA/ZEBRA M|||UN|00||||||
|0200|300280|RECEIVER SONY C/CAIXAS HT-SS600|||UN|00||||||
|0200|501320|JG.JANTAR 20PCS MIMO 20G90/1/2/8|||UN|00||||||
|0200|910280|VASO GLOBUS 30,5CM RICAELLE 99M87|||UN|00||||||
|0200|110110|AUTORADIO HYUNDAI DVD/CD/MP3 HY1001|||UN|00||||||
|0200|103290|ESPATULA PERFURADA INOX J.F.C|||UN|00||||||
|0200|700242|POTE PLAST.P/CONSERVA HUDSON MS31315|||UN|00||||||
|0200|900171|TABUA VIDRO SORT. 20X30 FULL 18874/18876/18877|||UN|00||||||
|0200|900172|TABUA VID.BULL HOME 30X40 FULL 16250|||UN|00||||||
|0200|903562|P/RETRATO BABY PRAT.10X15 FULL 17078|||UN|00||||||
|0200|200390|DISC PLAYER PHILIPS BLUR-RAY BDP3100X|||UN|00||||||
|0200|330200|TORRADEIRA WALITA VIVA RI2630/50|||UN|00||||||
|0200|970270|GARRAFA INOX 1,2L PRETA CONTHEY D1448|||UN|00||||||
|0200|970310|FONDUE 10PCS INOX/ESCOV.CONTH.134624|||UN|00||||||
|0200|970400|CINZEIRO BOLA FUTEB.CONTHEY 144408|||UN|00||||||
|0200|970550|JOGO BANHEIRO 4PCS CONTHEY 14478|||UN|00||||||
|0200|520261|GARRAFA TERM.1L LEJOUR ALIMP.1180|||UN|00||||||
|0200|680900|TACA ANDALUZ GIG.PRETO CIRC.SOYUS|||UN|00||||||
|0200|813660|CAIXA DECORATIVA EDFORT MEDIA SH23|||UN|00||||||
|0200|813661|CAIXA DECORATIVA EDFORT PEQ. SH23|||UN|00||||||
|0200|900201|ESPATULA/PINCEL SILIC.FULL 14764|||UN|00||||||
|0200|900212|ESPATULA NYLON CABO INOX FULL.12623|||UN|00||||||
|0200|900242|DESCANSO/PANELA SILIC.FULL 16156|||UN|00||||||
|0200|901200|6TACAS COCKTAIL NATAL.FULL 55863|||UN|00||||||
|0200|901251|SACA ROLHAS PLAST.BR FULL 16167|||UN|00||||||
|0200|901541|TABUA/FACA/VID/QUEIJO 30C FULL 16648|||UN|00||||||
|0200|901701|DISPENSER P/DETERG.ESPON.FULL 1627|||UN|00||||||
|0200|901712|DESCASCADOR ABACAXI FULL 21044|||UN|00||||||
|0200|902111|ADEGA P/12GARRAFAS FULL FIT 25276|||UN|00||||||
|0200|903431|JG.6GARFOS P/COQUET.INOX FULL 16427|||UN|00||||||
|0200|910840|BALANCA BANHEIRO RICAELLE TR9506|||UN|00||||||
|0200|910870|VASO BOHEMIA 19CM RICAELLE 82500/190|||UN|00||||||
|0200|910950|PORTA GELO 15CM RICAELLE 97126/150|||UN|00||||||
|0200|910960|PORTA GELO 15CM RICAELLE 9713/150|||UN|00||||||
|0200|911010|CENTRO/FRUTEIRA RICAELLE 61715/305|||UN|00||||||
|0200|911040|SALADEIRA RONA 24CM RICAELLE 5150/240|||UN|00||||||
|0200|940360|AVENTAL AFLANELADO JAQUES 002|||UN|00||||||
|0200|940410|KIT SACO P/SAPATO 3UNID.JAQUES 588|||UN|00||||||
|0200|950142|JG.DE JANTAR ALLURE METRO 789844145|||UN|00||||||
|0200|103260|JOGO SALEIRO/PIMENTEIRO J.F.C|||UN|00||||||
|0200|103280|CONCHA INOX J.F.C|||UN|00||||||
|0200|103310|COLHER P/ARROZ INOX J.F.C|||UN|00||||||
|0200|500083|JG.4TACAS SILVER CHAMPANHE MIMO TCS02|||UN|00||||||
|0200|500481|RELOGIO DE PAREDE MIMO R9175|||UN|00||||||
|0200|500482|RELOGIO DE PAREDE MIMO R9177|||UN|00||||||
|0200|500571|BALANCA P/BANHEIRO MIMO BZ13907|||UN|00||||||
|0200|500613|FACA DO CHEFE CABO/COLOR MIMO ALA1084|||UN|00||||||
|0200|700951|CJ.VASILHA/COLHER ANIMAL HUD.MS58444|||UN|00||||||
|0200|701612|GANCHO P/PORTA HUDSON ID-570-70|||UN|00||||||
|0200|820141|PINCEL QUADRIFOGLIO KKD2604|||UN|00||||||
|0200|820841|AFIADOR DE FACAS QUADRIF.KC60|||UN|00||||||
|0200|850070|CHAPA C/ALCA FUMIL 460X250|||UN|00||||||
|0200|850280|SANDUIC.1 PAO/FORMA FUMIL 739|||UN|00||||||
|0200|970740|LIXEIRA C/CINZEIRO CONTHEY D134452|||UN|00||||||
|0200|501480|TRAVESSA PEIXE 37CM MIMO PB931|||UN|00||||||
|0200|900251|PORTA TEMPERO INOX TP PLAST.FUL.12665|||UN|00||||||
|0200|900361|DECANTER PATO VIDRO/INOX FULL 16118|||UN|00||||||
|0200|900631|LIXA DE MENINAS FULL 16672|||UN|00||||||
|0200|900632|PINCA DE MENINAS FULL 16673|||UN|00||||||
|0200|900732|PORTA GARRAFA GARCON FULL 16484|||UN|00||||||
|0200|950263|BANDEJA 48X35 YOI GIRAFA G|||UN|00||||||
|0200|250480|FORNO/GAS GE 60CM EMB.INOX FOGGE060|||UN|00||||||
|0200|900731|PORTA 4GARRAFAS COZINHEIRO FULL 16483|||UN|00||||||
|0200|950211|COLHER P/SUCO BAMBOO YOI 6202|||UN|00||||||
|0200|500890|LEITEIRA INOX MIMO A14CN INOX|||UN|00||||||
|0200|660680|PRATO SOBREMESA PEPS BR M SHOP|||UN|00||||||
|0200|660700|PRATO RASOI PEPS BR M SHOP|||UN|00||||||
|0200|250303|LAVAROUPA GE 8KG DIGITAL FRIA LVGE08|||UN|00||||||
|0200|270010|TV SANSUNG 20" LCD/MONITOR 2033M|||UN|00||||||
|0200|520520|AP.JANTAR 30PCS ALIMPORT P162130|||UN|00||||||
|0200|530540|JG.SOBREM.C/ARO VEGA ROG.12Pcs 8188|||UN|00||||||
|0200|530870|PRATO DANTELLE 30CM ROG.1430|||UN|00||||||
|0200|532060|TESOURA P/UVAS ROGEM.8256 PRAT.|||UN|00||||||
|0200|640400|RALADOR DE QUEIJO TRADEAU|||UN|00||||||
|0200|660282|JG.AMERICANO BAMBU PT. M.SHOP|||UN|00||||||
|0200|700920|GANCHO P/PORTA HUDSON 14879|||UN|00||||||
|0200|710160|DESCANSO DE PANELAS MED. MAK-INOX|||UN|00||||||
|0200|830070|SUPORTE P/GARRAFA|||UN|00||||||
|0200|870230|PRATO P/PIZZA C/RELEVO MORAT.GRANDE|||UN|00||||||
|0200|044003000503|FOGAO BALI CRISTAL 4003 BR|||UD|00||||||
|0200|TC-L32C20B|DCR-E2010/04043-5-Televisor em cores 32p|7896067211977||PEC|00||||||
|0200|TC-L42S20B|DCR-E2010/10499-9-Televisor em cores 42p|7896067212011||PEC|00||||||
|0200|030850|REF.BRASTEMP ALL 360L BRF36 INOX|||UN|00||||||
|0220|PC|1,000|
|0200|031180|FOG.BRASTEMP 5B GOURMAND BF976 INOX|||UN|00||||||
|0220|PC|1,000|
|0200|520151|PORTA CHA 4DIVIS.KLASSIC ALIMP.34025|||UN|00||||||
|0220|PC|1,000|
|0200|520212|PORTA CHA/ACUCAREIRO ALIMP.B34026|||UN|00||||||
|0220|PC|1,000|
|0200|950063|PRATO BALI PEQ.FOLHA 5CM YOI 23357|||UN|00||||||
|0220|PC|1,000|
|0200|950071|PALITEIRO YOI ATHOS OMD303|||UN|00||||||
|0220|PC|1,000|
|0200|520741|BALDE DE GELO ILLUSION B34019S|||UN|00||||||
|0220|PC|1,000|
|0200|520020|JG.2PCS AZEITE/VINAG.ALIMP.BG49015|||UN|00||||||
|0220|PC|1,000|
|0200|950062|BOWL BALI 5CM YOI 23356|||UN|00||||||
|0220|PC|1,000|
|0200|520211|SALADEIRA PARTY 2TALHER ALIMP.B34022|||UN|00||||||
|0220|PC|1,000|
|0200|950061|TRAVESSA BALI 48CM YOI 22430B|||UN|00||||||
|0220|PC|1,000|
|0200|950064|SALADEIRA BALI PEQ.13CM YOI 221923|||UN|00||||||
|0220|PC|1,000|
|0200|950072|TAVESSA OVAL YOI 30CM WINSTON OMD303|||UN|00||||||
|0220|PC|1,000|
|0200|520440|BALDE GELO VINO CURVA ALIMP.B32514|||UN|00||||||
|0220|PC|1,000|
|0200|520390|BALDE GELO BATH TRANSP.ALIMP.B30019|||UN|00||||||
|0220|PC|1,000|
|0200|520740|BALDE ACRILICO VINHO SQUARE B34016|||UN|00||||||
|0220|PC|1,000|
|0200|520264|GARRAFA TERM.1L BELLA ALIMP. EV11808|||UN|00||||||
|0220|PC|1,000|
|0200|10000|MATERIAL DE USO E CONSUMO|||UN|07||||||
|0500|31122010|01|A|1|116010001|MATERIAIS DE REVENDA|
|0990|690|
|C001|0|
|C100|0|0|800006977|01|00|U|0068575||03012011|03012011|179,00|0|||179,00|9||||179,00|30,43||||||||
|C170|1|532430||1,00000|UN|179,00||0|000|1202||179,00|17,00|30,43|0||0|||||||50|179,00|0,65|||1,16|50|179,00|3,00|||5,37||
|C190|000|1202|17,00|179,00|179,00|30,43|0|0|0|0||
|C100|0|0|800006977|01|00|U|0068577||03012011|03012011|228,00|0|||228,00|9||||228,00|38,76||||||||
|C170|1|090280||1,00000|UN|179,00||0|000|1202||179,00|17,00|30,43|0||0|||||||50|179,00|0,65|||1,16|50|179,00|3,00|||5,37||
|C170|2|680940||1,00000|UN|49,00||0|000|1202||49,00|17,00|8,33|0||0|||||||50|49,00|0,65|||0,32|50|49,00|3,00|||1,47||
|C190|000|1202|17,00|228,00|228,00|38,76|0|0|0|0||
|C100|0|0|800006977|01|00|U|0068578||03012011|03012011|299,00|0|||299,00|9||||299,00|50,83||||||||
|C170|1|180260||1,00000|UN|299,00||0|000|1202||299,00|17,00|50,83|0||0|||||||50|299,00|0,65|||1,94|50|299,00|3,00|||8,97||
|C190|000|1202|17,00|299,00|299,00|50,83|0|0|0|0||
|C100|0|0|800006977|01|00|U|0068582||03012011|03012011|49,00|0|||49,00|9||||49,00|8,33||||||||
|C170|1|120130||1,00000|UN|49,00||0|000|1202||49,00|17,00|8,33|0||0|||||||50|49,00|0,65|||0,32|50|49,00|3,00|||1,47||
|C190|000|1202|17,00|49,00|49,00|8,33|0|0|0|0||
|C100|0|0|800006977|01|00|U|0068585||04012011|04012011|94,00|0|||94,00|9||||94,00|15,98||||||||
|C170|1|090010||1,00000|UN|94,00||0|000|1202||94,00|17,00|15,98|0||0|||||||50|94,00|0,65|||0,61|50|94,00|3,00|||2,82||
|C190|000|1202|17,00|94,00|94,00|15,98|0|0|0|0||
|C100|0|0|800006977|01|00|U|0068586||04012011|04012011|199,00|0|||199,00|9||||199,00|33,83||||||||
|C170|1|813290||1,00000|UN|199,00||0|000|1202||199,00|17,00|33,83|0||0|||||||50|199,00|0,65|||1,29|50|199,00|3,00|||5,97||
|C190|000|1202|17,00|199,00|199,00|33,83|0|0|0|0||
|C100|0|0|800006977|01|00|U|0068596||05012011|05012011|969,00|0|||969,00|9||||969,00|164,73||||||||
|C170|1|031120||1,00000|UN|969,00||0|000|1202||969,00|17,00|164,73|0||0|||||||50|969,00|0,65|||6,30|50|969,00|3,00|||29,07||
|C190|000|1202|17,00|969,00|969,00|164,73|0|0|0|0||
|C100|0|0|800006977|01|00|U|0068600||05012011|05012011|169,00|0|||169,00|9||||169,00|28,73||||||||
|C170|1|910280||1,00000|UN|169,00||0|000|1202||169,00|17,00|28,73|0||0|||||||50|169,00|0,65|||1,10|50|169,00|3,00|||5,07||
|C190|000|1202|17,00|169,00|169,00|28,73|0|0|0|0||
|C100|0|0|800006977|01|00|U|0068601||06012011|06012011|38,00|0|||38,00|9||||38,00|6,46||||||||
|C170|1|520280||2,00000|UN|38,00||0|000|1202||38,00|17,00|6,46|0||0|||||||50|38,00|0,65|||0,25|50|38,00|3,00|||1,14||
|C190|000|1202|17,00|38,00|38,00|6,46|0|0|0|0||
|C100|0|0|800006977|01|00|U|0068606||06012011|06012011|389,00|0|||389,00|9||||389,00|66,13||||||||
|C170|1|500340||1,00000|UN|5,00||0|000|1202||5,00|17,00|0,85|0||0|||||||50|5,00|0,65|||0,03|50|5,00|3,00|||0,15||
|C170|2|500611||1,00000|UN|7,00||0|000|1202||7,00|17,00|1,19|0||0|||||||50|7,00|0,65|||0,05|50|7,00|3,00|||0,21||
|C170|3|501110||1,00000|UN|289,00||0|000|1202||289,00|17,00|49,13|0||0|||||||50|289,00|0,65|||1,88|50|289,00|3,00|||8,67||
|C170|4|500613||1,00000|UN|14,00||0|000|1202||14,00|17,00|2,38|0||0|||||||50|14,00|0,65|||0,09|50|14,00|3,00|||0,42||
|C170|5|501850||1,00000|UN|25,00||0|000|1202||25,00|17,00|4,25|0||0|||||||50|25,00|0,65|||0,16|50|25,00|3,00|||0,75||
|C170|6|701750||1,00000|UN|29,00||0|000|1202||29,00|17,00|4,93|0||0|||||||50|29,00|0,65|||0,19|50|29,00|3,00|||0,87||
|C170|7|900212||1,00000|UN|8,00||0|000|1202||8,00|17,00|1,36|0||0|||||||50|8,00|0,65|||0,05|50|8,00|3,00|||0,24||
|C170|8|810880||1,00000|UN|12,00||0|000|1202||12,00|17,00|2,04|0||0|||||||50|12,00|0,65|||0,08|50|12,00|3,00|||0,36||
|C190|000|1202|17,00|389,00|389,00|66,13|0|0|0|0||
|C100|0|0|800006977|01|00|U|0068607||06012011|06012011|168,00|0|||168,00|9||||168,00|28,56||||||||
|C170|1|090010||1,00000|UN|99,00||0|000|1202||99,00|17,00|16,83|0||0|||||||50|99,00|0,65|||0,64|50|99,00|3,00|||2,97||
|C170|2|910785||1,00000|UN|69,00||0|000|1202||69,00|17,00|11,73|0||0|||||||50|69,00|0,65|||0,45|50|69,00|3,00|||2,07||
|C190|000|1202|17,00|168,00|168,00|28,56|0|0|0|0||
|C100|0|0|800006977|01|00|U|0068611||07012011|07012011|128,00|0|||128,00|9||||128,00|21,76||||||||
|C170|1|090240||1,00000|UN|59,00||0|000|1202||59,00|17,00|10,03|0||0|||||||50|59,00|0,65|||0,38|50|59,00|3,00|||1,77||
|C170|2|120090||1,00000|UN|69,00||0|000|1202||69,00|17,00|11,73|0||0|||||||50|69,00|0,65|||0,45|50|69,00|3,00|||2,07||
|C190|000|1202|17,00|128,00|128,00|21,76|0|0|0|0||
|C100|0|0|800006977|01|00|U|0068619||10012011|10012011|65,00|0|||65,00|9||||65,00|11,05||||||||
|C170|1|502181||1,00000|UN|65,00||0|000|1202||65,00|17,00|11,05|0||0|||||||50|65,00|0,65|||0,42|50|65,00|3,00|||1,95||
|C190|000|1202|17,00|65,00|65,00|11,05|0|0|0|0||
|C100|0|0|800006977|01|00|U|0068620||10012011|10012011|389,00|0|||389,00|9||||389,00|66,13||||||||
|C170|1|100220||1,00000|UN|389,00||0|000|1202||389,00|17,00|66,13|0||0|||||||50|389,00|0,65|||2,53|50|389,00|3,00|||11,67||
|C190|000|1202|17,00|389,00|389,00|66,13|0|0|0|0||
|C100|0|0|800006977|01|00|U|0068626||10012011|10012011|378,00|0|||378,00|9||||378,00|64,26||||||||
|C170|1|180253||1,00000|UN|329,00||0|000|1202||329,00|17,00|55,93|0||0|||||||50|329,00|0,65|||2,14|50|329,00|3,00|||9,87||
|C170|2|330050||1,00000|UN|49,00||0|000|1202||49,00|17,00|8,33|0||0|||||||50|49,00|0,65|||0,32|50|49,00|3,00|||1,47||
|C190|000|1202|17,00|378,00|378,00|64,26|0|0|0|0||
|C100|0|0|800006977|01|00|U|0068636||12012011|12012011|22,00|0|||22,00|9||||22,00|3,74||||||||
|C170|1|840230||1,00000|UN|22,00||0|000|1202||22,00|17,00|3,74|0||0|||||||50|22,00|0,65|||0,14|50|22,00|3,00|||0,66||
|C190|000|1202|17,00|22,00|22,00|3,74|0|0|0|0||
|C100|0|0|800006977|01|00|U|0068640||13012011|13012011|49,00|0|||49,00|9||||49,00|8,33||||||||
|C170|1|090340||1,00000|UN|49,00||0|000|1202||49,00|17,00|8,33|0||0|||||||50|49,00|0,65|||0,32|50|49,00|3,00|||1,47||
|C190|000|1202|17,00|49,00|49,00|8,33|0|0|0|0||
|C100|0|0|800006977|01|00|U|0068641||13012011|13012011|548,00|0|||548,00|9||||299,00|50,83||||||||
|C170|1|180740||1,00000|UN|299,00||0|000|1202||299,00|17,00|50,83|0||0|||||||50|299,00|0,65|||1,94|50|299,00|3,00|||8,97||
|C170|2|180900||1,00000|UN|249,00||0|041|1202|||||0||0|||||||50|249,00|0,65|||1,62|50|249,00|3,00|||7,47||
|C190|000|1202|17,00|299,00|299,00|50,83|0|0|0|0||
|C190|041|1202||249,00|0|0|0|0|0|0||
|C100|0|0|800006977|01|00|U|0068642||13012011|13012011|8220,00|0|||8220,00|9||||8220,00|1397,40||||||||
|C170|1|090310||2,00000|UN|340,00||0|000|1202||340,00|17,00|57,80|0||0|||||||50|340,00|0,65|||2,21|50|340,00|3,00|||10,20||
|C170|2|180770||3,00000|UN|3987,00||0|000|1202||3987,00|17,00|677,79|0||0|||||||50|3987,00|0,65|||25,92|50|3987,00|3,00|||119,61||
|C170|3|180790||1,00000|UN|2089,00||0|000|1202||2089,00|17,00|355,13|0||0|||||||50|2089,00|0,65|||13,58|50|2089,00|3,00|||62,67||
|C170|4|950370||1,00000|UN|1804,00||0|000|1202||1804,00|17,00|306,68|0||0|||||||50|1804,00|0,65|||11,73|50|1804,00|3,00|||54,12||
|C190|000|1202|17,00|8220,00|8220,00|1397,40|0|0|0|0||
|C100|0|0|800006977|01|00|U|0068647||15012011|15012011|567,00|0|||567,00|9||||567,00|96,39||||||||
|C170|1|040550||1,00000|UN|159,00||0|000|1202||159,00|17,00|27,03|0||0|||||||50|159,00|0,65|||1,03|50|159,00|3,00|||4,77||
|C170|2|330020||1,00000|UN|105,00||0|000|1202||105,00|17,00|17,85|0||0|||||||50|105,00|0,65|||0,68|50|105,00|3,00|||3,15||
|C170|3|502181||1,00000|UN|65,00||0|000|1202||65,00|17,00|11,05|0||0|||||||50|65,00|0,65|||0,42|50|65,00|3,00|||1,95||
|C170|4|502180||1,00000|UN|79,00||0|000|1202||79,00|17,00|13,43|0||0|||||||50|79,00|0,65|||0,51|50|79,00|3,00|||2,37||
|C170|5|790160||1,00000|UN|159,00||0|000|1202||159,00|17,00|27,03|0||0|||||||50|159,00|0,65|||1,03|50|159,00|3,00|||4,77||
|C190|000|1202|17,00|567,00|567,00|96,39|0|0|0|0||
|C100|0|0|800006977|01|00|U|0068649||15012011|15012011|620,00|0|||620,00|9||||620,00|105,40||||||||
|C170|1|040453||1,00000|UN|620,00||0|000|1202||620,00|17,00|105,40|0||0|||||||50|620,00|0,65|||4,03|50|620,00|3,00|||18,60||
|C190|000|1202|17,00|620,00|620,00|105,40|0|0|0|0||
|C100|0|0|800006977|01|00|U|0068654||17012011|17012011|19,00|0|||19,00|9||||19,00|3,23||||||||
|C170|1|900241||1,00000|UN|19,00||0|000|1202||19,00|17,00|3,23|0||0|||||||50|19,00|0,65|||0,12|50|19,00|3,00|||0,57||
|C190|000|1202|17,00|19,00|19,00|3,23|0|0|0|0||
|C100|0|0|800006977|01|00|U|0068655||17012011|17012011|39,00|0|||39,00|9||||39,00|6,63||||||||
|C170|1|502191||1,00000|UN|39,00||0|000|1202||39,00|17,00|6,63|0||0|||||||50|39,00|0,65|||0,25|50|39,00|3,00|||1,17||
|C190|000|1202|17,00|39,00|39,00|6,63|0|0|0|0||
|C100|0|0|800006977|01|00|U|0068657||17012011|17012011|250,00|0|||250,00|9||||250,00|42,50||||||||
|C170|1|180263||1,00000|UN|250,00||0|000|1202||250,00|17,00|42,50|0||0|||||||50|250,00|0,65|||1,63|50|250,00|3,00|||7,50||
|C190|000|1202|17,00|250,00|250,00|42,50|0|0|0|0||
|C100|0|0|800006977|01|00|U|0068667||20012011|20012011|1213,00|0|||1213,00|9||||1213,00|206,21||||||||
|C170|1|200110||1,00000|UN|797,00||0|000|1202||797,00|17,00|135,49|0||0|||||||50|797,00|0,65|||5,18|50|797,00|3,00|||23,91||
|C170|2|200360||2,00000|UN|416,00||0|000|1202||416,00|17,00|70,72|0||0|||||||50|416,00|0,65|||2,70|50|416,00|3,00|||12,48||
|C190|000|1202|17,00|1213,00|1213,00|206,21|0|0|0|0||
|C100|0|0|800006977|01|00|U|0068668||20012011|20012011|72,00|0|||72,00|9||||72,00|12,24||||||||
|C170|1|104010||4,00000|UN|40,00||0|000|1202||40,00|17,00|6,80|0||0|||||||50|40,00|0,65|||0,26|50|40,00|3,00|||1,20||
|C170|2|104040||4,00000|UN|32,00||0|000|1202||32,00|17,00|5,44|0||0|||||||50|32,00|0,65|||0,21|50|32,00|3,00|||0,96||
|C190|000|1202|17,00|72,00|72,00|12,24|0|0|0|0||
|C100|0|0|800006977|01|00|U|0068675||21012011|21012011|2058,00|0|||2058,00|9||||2058,00|349,86||||||||
|C170|1|030273||1,00000|UN|1100,00||0|000|1202||1100,00|17,00|187,00|0||0|||||||50|1100,00|0,65|||7,15|50|1100,00|3,00|||33,00||
|C170|2|040133||1,00000|UN|779,00||0|000|1202||779,00|17,00|132,43|0||0|||||||50|779,00|0,65|||5,06|50|779,00|3,00|||23,37||
|C170|3|090280||1,00000|UN|179,00||0|000|1202||179,00|17,00|30,43|0||0|||||||50|179,00|0,65|||1,16|50|179,00|3,00|||5,37||
|C190|000|1202|17,00|2058,00|2058,00|349,86|0|0|0|0||
|C100|0|0|800006977|01|00|U|0068676||21012011|21012011|49,00|0|||49,00|9||||49,00|8,33||||||||
|C170|1|290260||1,00000|UN|49,00||0|000|1202||49,00|17,00|8,33|0||0|||||||50|49,00|0,65|||0,32|50|49,00|3,00|||1,47||
|C190|000|1202|17,00|49,00|49,00|8,33|0|0|0|0||
|C100|0|0|800006977|01|00|U|0068677||22012011|22012011|118,00|0|||118,00|9||||118,00|20,06||||||||
|C170|1|090320||1,00000|UN|118,00||0|000|1202||118,00|17,00|20,06|0||0|||||||50|118,00|0,65|||0,77|50|118,00|3,00|||3,54||
|C190|000|1202|17,00|118,00|118,00|20,06|0|0|0|0||
|C100|0|0|800006977|01|00|U|0068681||25012011|25012011|1578,00|0|||1578,00|9||||1578,00|268,26||||||||
|C170|1|090310||1,00000|UN|179,00||0|000|1202||179,00|17,00|30,43|0||0|||||||50|179,00|0,65|||1,16|50|179,00|3,00|||5,37||
|C170|2|180770||1,00000|UN|1399,00||0|000|1202||1399,00|17,00|237,83|0||0|||||||50|1399,00|0,65|||9,09|50|1399,00|3,00|||41,97||
|C190|000|1202|17,00|1578,00|1578,00|268,26|0|0|0|0||
|C100|0|0|800006977|01|00|U|0068683||25012011|25012011|158,00|0|||158,00|9||||158,00|26,86||||||||
|C170|1|530770||2,00000|UN|158,00||0|000|1202||158,00|17,00|26,86|0||0|||||||50|158,00|0,65|||1,03|50|158,00|3,00|||4,74||
|C190|000|1202|17,00|158,00|158,00|26,86|0|0|0|0||
|C100|0|0|800006977|01|00|U|0068686||26012011|26012011|338,00|0|||338,00|9||||338,00|57,46||||||||
|C170|1|040550||1,00000|UN|159,00||0|000|1202||159,00|17,00|27,03|0||0|||||||50|159,00|0,65|||1,03|50|159,00|3,00|||4,77||
|C170|2|120050||1,00000|UN|179,00||0|000|1202||179,00|17,00|30,43|0||0|||||||50|179,00|0,65|||1,16|50|179,00|3,00|||5,37||
|C190|000|1202|17,00|338,00|338,00|57,46|0|0|0|0||
|C100|0|0|800006977|01|00|U|0068689||26012011|26012011|149,00|0|||149,00|9||||149,00|25,33||||||||
|C170|1|530090||1,00000|UN|149,00||0|000|1202||149,00|17,00|25,33|0||0|||||||50|149,00|0,65|||0,97|50|149,00|3,00|||4,47||
|C190|000|1202|17,00|149,00|149,00|25,33|0|0|0|0||
|C100|0|0|800006977|01|00|U|0068690||26012011|26012011|99,00|0|||99,00|9||||99,00|16,83||||||||
|C170|1|760058||1,00000|UN|99,00||0|000|1202||99,00|17,00|16,83|0||0|||||||50|99,00|0,65|||0,64|50|99,00|3,00|||2,97||
|C190|000|1202|17,00|99,00|99,00|16,83|0|0|0|0||
|C100|0|0|800006977|01|00|U|0068696||27012011|27012011|105,00|0|||105,00|9||||105,00|17,85||||||||
|C170|1|330020||1,00000|UN|105,00||0|000|1202||105,00|17,00|17,85|0||0|||||||50|105,00|0,65|||0,68|50|105,00|3,00|||3,15||
|C190|000|1202|17,00|105,00|105,00|17,85|0|0|0|0||
|C100|0|0|800006977|01|00|U|0068697||27012011|27012011|1450,00|0|||1450,00|9||||1450,00|246,50||||||||
|C170|1|040570||1,00000|UN|193,00||0|000|1202||193,00|17,00|32,81|0||0|||||||50|193,00|0,65|||1,25|50|193,00|3,00|||5,79||
|C170|2|090010||1,00000|UN|94,00||0|000|1202||94,00|17,00|15,98|0||0|||||||50|94,00|0,65|||0,61|50|94,00|3,00|||2,82||
|C170|3|180280||1,00000|UN|89,00||0|000|1202||89,00|17,00|15,13|0||0|||||||50|89,00|0,65|||0,58|50|89,00|3,00|||2,67||
|C170|4|180490||1,00000|UN|522,00||0|000|1202||522,00|17,00|88,74|0||0|||||||50|522,00|0,65|||3,39|50|522,00|3,00|||15,66||
|C170|5|090350||1,00000|UN|199,00||0|000|1202||199,00|17,00|33,83|0||0|||||||50|199,00|0,65|||1,29|50|199,00|3,00|||5,97||
|C170|6|180263||1,00000|UN|259,00||0|000|1202||259,00|17,00|44,03|0||0|||||||50|259,00|0,65|||1,68|50|259,00|3,00|||7,77||
|C170|7|290290||1,00000|UN|94,00||0|000|1202||94,00|17,00|15,98|0||0|||||||50|94,00|0,65|||0,61|50|94,00|3,00|||2,82||
|C190|000|1202|17,00|1450,00|1450,00|246,50|0|0|0|0||
|C100|0|0|800006977|01|00|U|0068698||27012011|27012011|1199,00|0|||1199,00|9||||1199,00|203,83||||||||
|C170|1|250303||1,00000|UN|1199,00||0|000|1202||1199,00|17,00|203,83|0||0|||||||50|1199,00|0,65|||7,79|50|1199,00|3,00|||35,97||
|C190|000|1202|17,00|1199,00|1199,00|203,83|0|0|0|0||
|C100|0|0|800006977|01|00|U|0068705||31012011|31012011|797,00|0|||797,00|9||||797,00|135,49||||||||
|C170|1|031240||1,00000|UN|269,00||0|000|1202||269,00|17,00|45,73|0||0|||||||50|269,00|0,65|||1,75|50|269,00|3,00|||8,07||
|C170|2|180253||1,00000|UN|329,00||0|000|1202||329,00|17,00|55,93|0||0|||||||50|329,00|0,65|||2,14|50|329,00|3,00|||9,87||
|C170|3|330200||1,00000|UN|199,00||0|000|1202||199,00|17,00|33,83|0||0|||||||50|199,00|0,65|||1,29|50|199,00|3,00|||5,97||
|C190|000|1202|17,00|797,00|797,00|135,49|0|0|0|0||
|C100|1|0|800008029|01|00|U|0068628||10012011|10012011|259,00|0|||259,00|9||||0|0||||||||
|C170|1|180263||1,00000|UN|259,00||0|041|5949|||||0||0|||||||99||||||99|||||||
|C190|041|5949||259,00|0|0|0|0|0|0||
|C100|1|0|800006997|01|00|U|0068634||12012011|12012011|690,00|0|||690,00|9||||0|0||||||||
|C170|1|040123||1,00000|UN|690,00||0|041|5949|||||0||0|||||||99||||||99|||||||
|C190|041|5949||690,00|0|0|0|0|0|0||
|C100|1|0|800007000|01|00|U|0068594||05012011|05012011|269,00|0|||269,00|9||||0|0||||||||
|C170|1|031240||1,00000|UN|269,00||0|041|5949|||||0||0|||||||99||||||99|||||||
|C190|041|5949||269,00|0|0|0|0|0|0||
|C100|1|0|800007001|01|00|U|0068635||12012011|12012011|379,00|0|||379,00|9||||0|0||||||||
|C170|1|100210||1,00000|UN|379,00||0|041|5949|||||0||0|||||||99||||||99|||||||
|C190|041|5949||379,00|0|0|0|0|0|0||
|C100|1|0|100003376|01|00|U|0068679||25012011|25012011|1061,00|0|||1061,00|9||||0|0||||||||
|C170|1|040123||1,00000|UN|699,00||0|041|5949|||||0||0|||||||99||||||99|||||||
|C170|2|100210||1,00000|UN|362,00||0|041|5949|||||0||0|||||||99||||||99|||||||
|C190|041|5949||1061,00|0|0|0|0|0|0||
|C100|1|0|100003376|01|00|U|0068680||25012011|25012011|1339,00|0|||1339,00|9||||0|0||||||||
|C170|1|030373||1,00000|UN|1250,00||0|041|5949|||||0||0|||||||99||||||99|||||||
|C170|2|180280||1,00000|UN|89,00||0|041|5949|||||0||0|||||||99||||||99|||||||
|C190|041|5949||1339,00|0|0|0|0|0|0||
|C100|1|0|800006979|01|00|U|0068648||15012011|15012011|2800,00|0|||2800,00|9||||0|0||||||||
|C170|1|050993||1,00000|UN|2800,00||0|041|5949|||||0||0|||||||99||||||99|||||||
|C190|041|5949||2800,00|0|0|0|0|0|0||
|C100|1|0|11432|01|00|U|0068644||14012011|14012011|839,00|0|||839,00|9||||0|0||||||||
|C170|1|050683||1,00000|UN|839,00||0|041|5949|||||0||0|||||||99||||||99|||||||
|C190|041|5949||839,00|0|0|0|0|0|0||
|C100|1|0|800006993|01|00|U|0068610||07012011|07012011|66,00|0|||66,00|9||||0|0||||||||
|C170|1|120090||1,00000|UN|66,00||0|041|5949|||||0||0|||||||99||||||99|||||||
|C190|041|5949||66,00|0|0|0|0|0|0||
|C100|1|0|800006982|01|00|U|0068673||21012011|21012011|648,00|0|||648,00|9||||0|0||||||||
|C170|1|100013||1,00000|UN|299,00||0|041|5949|||||0||0|||||||99||||||99|||||||
|C170|2|180263||1,00000|UN|250,00||0|041|5949|||||0||0|||||||99||||||99|||||||
|C170|3|330020||1,00000|UN|99,00||0|041|5949|||||0||0|||||||99||||||99|||||||
|C190|041|5949||648,00|0|0|0|0|0|0||
|C100|1|0|800009987|01|00|U|0068650||17012011|17012011|224,00|0|||224,00|9||||0|0||||||||
|C170|1|050803||1,00000|UN|224,00||0|041|5102|||||0||0|||||||08||||||08|||||||
|C190|041|5102||224,00|0|0|0|0|0|0||
|C100|1|0|800008027|01|00|U|0068693||27012011|27012011|1599,00|0|||1599,00|9||||0|0||||||||
|C170|1|030253||1,00000|UN|1599,00||0|041|5949|||||0||0|||||||99||||||99|||||||
|C190|041|5949||1599,00|0|0|0|0|0|0||
|C100|1|0|800007002|01|00|U|0068613||07012011|07012011|999,00|0|||999,00|9||||0|0||||||||
|C170|1|220223||1,00000|UN|999,00||0|041|5949|||||0||0|||||||99||||||99|||||||
|C190|041|5949||999,00|0|0|0|0|0|0||
|C100|1|0|800007003|01|00|U|0068587||04012011|04012011|379,00|0|||379,00|9||||0|0||||||||
|C170|1|100210||1,00000|UN|379,00||0|041|5949|||||0||0|||||||99||||||99|||||||
|C190|041|5949||379,00|0|0|0|0|0|0||
|C100|1|0|800007003|01|00|U|0068580||03012011|03012011|69,00|0|||69,00|9||||0|0||||||||
|C170|1|120090||1,00000|UN|69,00||0|041|5949|||||0||0|||||||99||||||99|||||||
|C190|041|5949||69,00|0|0|0|0|0|0||
|C100|1|0|800008026|01|00|U|0068685||26012011|26012011|12719,87|0|||12719,87|9||||12719,87|2162,38||||||||
|C170|1|031100||4,00000|UN|1274,08||0|000|5152||1274,08|17,00|216,59|0||0|||||||01|1274,08|0,65|||8,28|01|1274,08|3,00|||38,22||
|C170|2|040440||3,00000|UN|759,84||0|000|5152||759,84|17,00|129,17|0||0|||||||01|759,84|0,65|||4,94|01|759,84|3,00|||22,80||
|C170|3|070410||6,00000|UN|1019,04||0|000|5152||1019,04|17,00|173,24|0||0|||||||01|1019,04|0,65|||6,62|01|1019,04|3,00|||30,57||
|C170|4|070420||6,00000|UN|1024,32||0|000|5152||1024,32|17,00|174,13|0||0|||||||01|1024,32|0,65|||6,66|01|1024,32|3,00|||30,73||
|C170|5|050830||2,00000|UN|551,02||0|000|5152||551,02|17,00|93,67|0||0|||||||01|551,02|0,65|||3,58|01|551,02|3,00|||16,53||
|C170|6|100210||10,00000|UN|2324,90||0|000|5152||2324,90|17,00|395,23|0||0|||||||01|2324,90|0,65|||15,11|01|2324,90|3,00|||69,75||
|C170|7|180280||6,00000|UN|318,72||0|000|5152||318,72|17,00|54,18|0||0|||||||01|318,72|0,65|||2,07|01|318,72|3,00|||9,56||
|C170|8|160120||1,00000|UN|103,75||0|000|5152||103,75|17,00|17,64|0||0|||||||01|103,75|0,65|||0,67|01|103,75|3,00|||3,11||
|C170|9|290220||12,00000|UN|579,72||0|000|5152||579,72|17,00|98,55|0||0|||||||01|579,72|0,65|||3,77|01|579,72|3,00|||17,39||
|C170|10|120060||2,00000|UN|363,38||0|000|5152||363,38|17,00|61,77|0||0|||||||01|363,38|0,65|||2,36|01|363,38|3,00|||10,90||
|C170|11|290060||1,00000|UN|149,84||0|000|5152||149,84|17,00|25,47|0||0|||||||01|149,84|0,65|||0,97|01|149,84|3,00|||4,50||
|C170|12|270010||3,00000|UN|1242,51||0|000|5152||1242,51|17,00|211,23|0||0|||||||01|1242,51|0,65|||8,08|01|1242,51|3,00|||37,28||
|C170|13|270020||5,00000|UN|3008,75||0|000|5152||3008,75|17,00|511,49|0||0|||||||01|3008,75|0,65|||19,56|01|3008,75|3,00|||90,26||
|C190|000|5152|17,00|12719,87|12719,87|2162,38|0|0|0|0||
|C100|1|0|800008026|01|00|U|0068687||26012011|26012011|193,15|0|||193,15|9||||193,15|32,84||||||||
|C170|1|040550||1,00000|UN|90,15||0|000|5152||90,15|17,00|15,33|0||0|||||||01|90,15|0,65|||0,59|01|90,15|3,00|||2,70||
|C170|2|120050||1,00000|UN|103,00||0|000|5152||103,00|17,00|17,51|0||0|||||||01|103,00|0,65|||0,67|01|103,00|3,00|||3,09||
|C190|000|5152|17,00|193,15|193,15|32,84|0|0|0|0||
|C100|1|0|800008026|01|00|U|0068692||26012011|26012011|42,99|0|||42,99|9||||42,99|7,31||||||||
|C170|1|760058||1,00000|UN|42,99||0|000|5152||42,99|17,00|7,31|0||0|||||||01|42,99|0,65|||0,28|01|42,99|3,00|||1,29||
|C190|000|5152|17,00|42,99|42,99|7,31|0|0|0|0||
|C100|1|0|800008026|01|00|U|0068695||27012011|27012011|1655,86|0|||1655,86|9||||1655,86|281,50||||||||
|C170|1|040203||1,00000|UN|1030,72||0|000|5152||1030,72|17,00|175,22|0||0|||||||01|1030,72|0,65|||6,70|01|1030,72|3,00|||30,92||
|C170|2|040383||1,00000|UN|430,76||0|000|5152||430,76|17,00|73,23|0||0|||||||01|430,76|0,65|||2,80|01|430,76|3,00|||12,92||
|C170|3|040430||1,00000|UN|194,38||0|000|5152||194,38|17,00|33,04|0||0|||||||01|194,38|0,65|||1,26|01|194,38|3,00|||5,83||
|C190|000|5152|17,00|1655,86|1655,86|281,50|0|0|0|0||
|C100|1|0|800008026|01|00|U|0068701||28012011|28012011|7515,01|0|||7515,01|9||||7515,01|1277,55||||||||
|C170|1|030363||1,00000|UN|660,51||0|000|5152||660,51|17,00|112,29|0||0|||||||01|660,51|0,65|||4,29|01|660,51|3,00|||19,82||
|C170|2|030960||2,00000|UN|947,96||0|000|5152||947,96|17,00|161,15|0||0|||||||01|947,96|0,65|||6,16|01|947,96|3,00|||28,44||
|C170|3|040430||2,00000|UN|388,76||0|000|5152||388,76|17,00|66,09|0||0|||||||01|388,76|0,65|||2,53|01|388,76|3,00|||11,66||
|C170|4|100160||3,00000|UN|856,50||0|000|5152||856,50|17,00|145,60|0||0|||||||01|856,50|0,65|||5,57|01|856,50|3,00|||25,70||
|C170|5|040250||3,00000|UN|1575,39||0|000|5152||1575,39|17,00|267,82|0||0|||||||01|1575,39|0,65|||10,24|01|1575,39|3,00|||47,26||
|C170|6|040520||2,00000|UN|1528,88||0|000|5152||1528,88|17,00|259,91|0||0|||||||01|1528,88|0,65|||9,94|01|1528,88|3,00|||45,87||
|C170|7|650200||10,00000|UN|174,30||0|000|5152||174,30|17,00|29,63|0||0|||||||01|174,30|0,65|||1,13|01|174,30|3,00|||5,23||
|C170|8|120080||10,00000|UN|854,90||0|000|5152||854,90|17,00|145,33|0||0|||||||01|854,90|0,65|||5,56|01|854,90|3,00|||25,65||
|C170|9|220143||1,00000|UN|527,81||0|000|5152||527,81|17,00|89,73|0||0|||||||01|527,81|0,65|||3,43|01|527,81|3,00|||15,83||
|C190|000|5152|17,00|7515,01|7515,01|1277,55|0|0|0|0||
|C100|1|0|800008026|01|00|U|0068702||29012011|29012011|4654,15|0|||4654,15|9||||4654,15|791,21||||||||
|C170|1|180770||5,00000|UN|4261,35||0|000|5152||4261,35|17,00|724,43|0||0|||||||01|4261,35|0,65|||27,70|01|4261,35|3,00|||127,84||
|C170|2|180920||10,00000|UN|392,80||0|000|5152||392,80|17,00|66,78|0||0|||||||01|392,80|0,65|||2,55|01|392,80|3,00|||11,78||
|C190|000|5152|17,00|4654,15|4654,15|791,21|0|0|0|0||
|C100|1|0|800008026|01|00|U|0068706||31012011|31012011|463,66|0|||463,66|9||||463,66|78,82||||||||
|C170|1|031240||1,00000|UN|156,65||0|000|5152||156,65|17,00|26,63|0||0|||||||01|156,65|0,65|||1,02|01|156,65|3,00|||4,70||
|C170|2|180253||1,00000|UN|186,02||0|000|5152||186,02|17,00|31,62|0||0|||||||01|186,02|0,65|||1,21|01|186,02|3,00|||5,58||
|C170|3|330200||1,00000|UN|120,99||0|000|5152||120,99|17,00|20,57|0||0|||||||01|120,99|0,65|||0,79|01|120,99|3,00|||3,63||
|C190|000|5152|17,00|463,66|463,66|78,82|0|0|0|0||
|C100|1|0|800008026|01|00|U|0068588||04012011|04012011|9472,36|0|||9472,36|9||||9472,36|1610,30||||||||
|C170|1|090240||12,00000|UN|419,16||0|000|5152||419,16|17,00|71,26|0||0|||||||01|419,16|0,65|||2,72|01|419,16|3,00|||12,57||
|C170|2|090250||4,00000|UN|257,88||0|000|5152||257,88|17,00|43,84|0||0|||||||01|257,88|0,65|||1,68|01|257,88|3,00|||7,74||
|C170|3|100030||1,00000|UN|318,40||0|000|5152||318,40|17,00|54,13|0||0|||||||01|318,40|0,65|||2,07|01|318,40|3,00|||9,55||
|C170|4|090310||6,00000|UN|618,30||0|000|5152||618,30|17,00|105,11|0||0|||||||01|618,30|0,65|||4,02|01|618,30|3,00|||18,55||
|C170|5|090320||5,00000|UN|720,00||0|000|5152||720,00|17,00|122,40|0||0|||||||01|720,00|0,65|||4,68|01|720,00|3,00|||21,60||
|C170|6|090350||5,00000|UN|583,95||0|000|5152||583,95|17,00|99,27|0||0|||||||01|583,95|0,65|||3,80|01|583,95|3,00|||17,52||
|C170|7|180390||3,00000|UN|1917,18||0|000|5152||1917,18|17,00|325,92|0||0|||||||01|1917,18|0,65|||12,46|01|1917,18|3,00|||57,52||
|C170|8|200380||3,00000|UN|899,55||0|000|5152||899,55|17,00|152,92|0||0|||||||01|899,55|0,65|||5,85|01|899,55|3,00|||26,99||
|C170|9|120020||6,00000|UN|364,56||0|000|5152||364,56|17,00|61,98|0||0|||||||01|364,56|0,65|||2,37|01|364,56|3,00|||10,94||
|C170|10|120040||2,00000|UN|85,10||0|000|5152||85,10|17,00|14,47|0||0|||||||01|85,10|0,65|||0,55|01|85,10|3,00|||2,55||
|C170|11|180580||3,00000|UN|626,28||0|000|5152||626,28|17,00|106,47|0||0|||||||01|626,28|0,65|||4,07|01|626,28|3,00|||18,79||
|C170|12|180420||5,00000|UN|2662,00||0|000|5152||2662,00|17,00|452,54|0||0|||||||01|2662,00|0,65|||17,30|01|2662,00|3,00|||79,86||
|C190|000|5152|17,00|9472,36|9472,36|1610,30|0|0|0|0||
|C100|1|0|800008026|01|00|U|0068589||04012011|04012011|129,85|0|||129,85|9||||129,85|22,07||||||||
|C170|1|900631||35,00000|UN|67,90||0|000|5152||67,90|17,00|11,54|0||0|||||||01|67,90|0,65|||0,44|01|67,90|3,00|||2,04||
|C170|2|900632||35,00000|UN|61,95||0|000|5152||61,95|17,00|10,53|0||0|||||||01|61,95|0,65|||0,40|01|61,95|3,00|||1,86||
|C190|000|5152|17,00|129,85|129,85|22,07|0|0|0|0||
|C100|1|0|800008026|01|00|U|0068590||04012011|04012011|48,79|0|||48,79|9||||48,79|8,29||||||||
|C170|1|902950||1,00000|UN|8,21||0|000|5152||8,21|17,00|1,40|0||0|||||||01|8,21|0,65|||0,05|01|8,21|3,00|||0,25||
|C170|2|903562||2,00000|UN|40,58||0|000|5152||40,58|17,00|6,90|0||0|||||||01|40,58|0,65|||0,26|01|40,58|3,00|||1,22||
|C190|000|5152|17,00|48,79|48,79|8,29|0|0|0|0||
|C100|1|0|800008026|01|00|U|0068591||04012011|04012011|544,89|0|||544,89|9||||544,89|92,63||||||||
|C170|1|902110||1,00000|UN|544,89||0|000|5152||544,89|17,00|92,63|0||0|||||||01|544,89|0,65|||3,54|01|544,89|3,00|||16,35||
|C190|000|5152|17,00|544,89|544,89|92,63|0|0|0|0||
|C100|1|0|800008026|01|00|U|0068592||04012011|04012011|1544,62|0|||1544,62|9||||1544,62|262,59||||||||
|C170|1|180550||1,00000|UN|319,26||0|000|5152||319,26|17,00|54,27|0||0|||||||01|319,26|0,65|||2,08|01|319,26|3,00|||9,58||
|C170|2|180790||1,00000|UN|1225,36||0|000|5152||1225,36|17,00|208,31|0||0|||||||01|1225,36|0,65|||7,96|01|1225,36|3,00|||36,76||
|C190|000|5152|17,00|1544,62|1544,62|262,59|0|0|0|0||
|C100|1|0|800008026|01|00|U|0068593||05012011|05012011|371,21|0|||371,21|9||||371,21|63,11||||||||
|C170|1|502180||2,00000|UN|75,54||0|000|5152||75,54|17,00|12,84|0||0|||||||01|75,54|0,65|||0,49|01|75,54|3,00|||2,27||
|C170|2|502181||1,00000|UN|31,14||0|000|5152||31,14|17,00|5,29|0||0|||||||01|31,14|0,65|||0,20|01|31,14|3,00|||0,93||
|C170|3|502190||2,00000|UN|52,40||0|000|5152||52,40|17,00|8,91|0||0|||||||01|52,40|0,65|||0,34|01|52,40|3,00|||1,57||
|C170|4|502191||1,00000|UN|19,27||0|000|5152||19,27|17,00|3,28|0||0|||||||01|19,27|0,65|||0,13|01|19,27|3,00|||0,58||
|C170|5|502201||2,00000|UN|62,28||0|000|5152||62,28|17,00|10,59|0||0|||||||01|62,28|0,65|||0,40|01|62,28|3,00|||1,87||
|C170|6|502200||2,00000|UN|55,04||0|000|5152||55,04|17,00|9,36|0||0|||||||01|55,04|0,65|||0,36|01|55,04|3,00|||1,65||
|C170|7|502202||2,00000|UN|75,54||0|000|5152||75,54|17,00|12,84|0||0|||||||01|75,54|0,65|||0,49|01|75,54|3,00|||2,27||
|C190|000|5152|17,00|371,21|371,21|63,11|0|0|0|0||
|C100|1|0|800008026|01|00|U|0068597||05012011|05012011|530,91|0|||530,91|9||||530,91|90,25||||||||
|C170|1|031120||1,00000|UN|530,91||0|000|5152||530,91|17,00|90,25|0||0|||||||01|530,91|0,65|||3,45|01|530,91|3,00|||15,93||
|C190|000|5152|17,00|530,91|530,91|90,25|0|0|0|0||
|C100|1|0|800008026|01|00|U|0068656||17012011|17012011|19,27|0|||19,27|9||||19,27|3,28||||||||
|C170|1|502191||1,00000|UN|19,27||0|000|5152||19,27|17,00|3,28|0||0|||||||01|19,27|0,65|||0,13|01|19,27|3,00|||0,58||
|C190|000|5152|17,00|19,27|19,27|3,28|0|0|0|0||
|C100|1|0|800008026|01|00|U|0068658||17012011|17012011|148,72|0|||148,72|9||||148,72|25,28||||||||
|C170|1|180263||1,00000|UN|148,72||0|000|5152||148,72|17,00|25,28|0||0|||||||01|148,72|0,65|||0,97|01|148,72|3,00|||4,46||
|C190|000|5152|17,00|148,72|148,72|25,28|0|0|0|0||
|C100|1|0|800008026|01|00|U|0068660||19012011|19012011|562,49|0|||562,49|9||||562,49|95,62||||||||
|C170|1|051220||1,00000|UN|562,49||0|000|5152||562,49|17,00|95,62|0||0|||||||01|562,49|0,65|||3,66|01|562,49|3,00|||16,87||
|C190|000|5152|17,00|562,49|562,49|95,62|0|0|0|0||
|C100|1|0|800008026|01|00|U|0068662||19012011|19012011|2953,19|0|||2953,19|9||||2953,19|502,04||||||||
|C170|1|030870||1,00000|UN|2953,19||0|000|5152||2953,19|17,00|502,04|0||0|||||||01|2953,19|0,65|||19,20|01|2953,19|3,00|||88,60||
|C190|000|5152|17,00|2953,19|2953,19|502,04|0|0|0|0||
|C100|1|0|800008026|01|00|U|0068663||20012011|20012011|205,67|0|||205,67|9||||205,67|34,96||||||||
|C170|1|530750||1,00000|UN|205,67||0|000|5152||205,67|17,00|34,96|0||0|||||||01|205,67|0,65|||1,34|01|205,67|3,00|||6,17||
|C190|000|5152|17,00|205,67|205,67|34,96|0|0|0|0||
|C100|1|0|800008026|01|00|U|0068664||20012011|20012011|649,44|0|||649,44|9||||649,44|110,40||||||||
|C170|1|040123||1,00000|UN|443,34||0|000|5152||443,34|17,00|75,37|0||0|||||||01|443,34|0,65|||2,88|01|443,34|3,00|||13,30||
|C170|2|090310||2,00000|UN|206,10||0|000|5152||206,10|17,00|35,04|0||0|||||||01|206,10|0,65|||1,34|01|206,10|3,00|||6,18||
|C190|000|5152|17,00|649,44|649,44|110,40|0|0|0|0||
|C100|1|0|800008026|01|00|U|0068665||20012011|20012011|4140,78|0|||4140,78|9||||4140,78|703,93||||||||
|C170|1|050630||1,00000|UN|854,92||0|000|5152||854,92|17,00|145,34|0||0|||||||01|854,92|0,65|||5,56|01|854,92|3,00|||25,65||
|C170|2|100053||1,00000|UN|272,30||0|000|5152||272,30|17,00|46,29|0||0|||||||01|272,30|0,65|||1,77|01|272,30|3,00|||8,17||
|C170|3|180910||1,00000|UN|3013,56||0|000|5152||3013,56|17,00|512,31|0||0|||||||01|3013,56|0,65|||19,59|01|3013,56|3,00|||90,41||
|C190|000|5152|17,00|4140,78|4140,78|703,93|0|0|0|0||
|C100|1|0|800008026|01|00|U|0068666||20012011|20012011|3904,21|0|||3904,21|9||||3904,21|663,72||||||||
|C170|1|040053||1,00000|UN|745,95||0|000|5152||745,95|17,00|126,81|0||0|||||||01|745,95|0,65|||4,85|01|745,95|3,00|||22,38||
|C170|2|050990||2,00000|UN|3158,26||0|000|5152||3158,26|17,00|536,90|0||0|||||||01|3158,26|0,65|||20,53|01|3158,26|3,00|||94,75||
|C190|000|5152|17,00|3904,21|3904,21|663,72|0|0|0|0||
|C100|1|0|800008026|01|00|U|0068669||21012011|21012011|1054,09|0|||1054,09|9||||1054,09|179,20||||||||
|C170|1|220283||1,00000|UN|1054,09||0|000|5152||1054,09|17,00|179,20|0||0|||||||01|1054,09|0,65|||6,85|01|1054,09|3,00|||31,62||
|C190|000|5152|17,00|1054,09|1054,09|179,20|0|0|0|0||
|C100|1|0|800008026|01|00|U|0068670||21012011|21012011|15534,88|0|||15534,88|9||||15534,88|2640,93||||||||
|C170|1|030373||1,00000|UN|707,58||0|000|5152||707,58|17,00|120,29|0||0|||||||01|707,58|0,65|||4,60|01|707,58|3,00|||21,23||
|C170|2|030383||1,00000|UN|816,85||0|000|5152||816,85|17,00|138,86|0||0|||||||01|816,85|0,65|||5,31|01|816,85|3,00|||24,51||
|C170|3|030910||2,00000|UN|1071,74||0|000|5152||1071,74|17,00|182,20|0||0|||||||01|1071,74|0,65|||6,97|01|1071,74|3,00|||32,15||
|C170|4|040250||3,00000|UN|1575,39||0|000|5152||1575,39|17,00|267,82|0||0|||||||01|1575,39|0,65|||10,24|01|1575,39|3,00|||47,26||
|C170|5|030553||2,00000|UN|1191,38||0|000|5152||1191,38|17,00|202,53|0||0|||||||01|1191,38|0,65|||7,74|01|1191,38|3,00|||35,74||
|C170|6|031130||1,00000|UN|665,90||0|000|5152||665,90|17,00|113,20|0||0|||||||01|665,90|0,65|||4,33|01|665,90|3,00|||19,98||
|C170|7|050880||1,00000|UN|1261,05||0|000|5152||1261,05|17,00|214,38|0||0|||||||01|1261,05|0,65|||8,20|01|1261,05|3,00|||37,83||
|C170|8|180770||3,00000|UN|2556,81||0|000|5152||2556,81|17,00|434,66|0||0|||||||01|2556,81|0,65|||16,62|01|2556,81|3,00|||76,70||
|C170|9|330210||12,00000|UN|576,24||0|000|5152||576,24|17,00|97,96|0||0|||||||01|576,24|0,65|||3,75|01|576,24|3,00|||17,29||
|C170|10|180790||3,00000|UN|3676,08||0|000|5152||3676,08|17,00|624,93|0||0|||||||01|3676,08|0,65|||23,89|01|3676,08|3,00|||110,28||
|C170|11|180203||6,00000|UN|1435,86||0|000|5152||1435,86|17,00|244,10|0||0|||||||01|1435,86|0,65|||9,33|01|1435,86|3,00|||43,08||
|C190|000|5152|17,00|15534,88|15534,88|2640,93|0|0|0|0||
|C100|1|0|800008026|01|00|U|0068671||21012011|21012011|751,00|0|||751,00|9||||751,00|127,67||||||||
|C170|1|030443||1,00000|UN|751,00||0|000|5152||751,00|17,00|127,67|0||0|||||||01|751,00|0,65|||4,88|01|751,00|3,00|||22,53||
|C190|000|5152|17,00|751,00|751,00|127,67|0|0|0|0||
|C100|1|0|800008026|01|00|U|0068672||21012011|21012011|1054,09|0|||1054,09|9||||1054,09|179,20||||||||
|C170|1|220283||1,00000|UN|1054,09||0|000|5152||1054,09|17,00|179,20|0||0|||||||01|1054,09|0,65|||6,85|01|1054,09|3,00|||31,62||
|C190|000|5152|17,00|1054,09|1054,09|179,20|0|0|0|0||
|C100|1|0|800008026|01|00|U|0068674||21012011|21012011|31,14|0|||31,14|9||||31,14|5,29||||||||
|C170|1|502181||1,00000|UN|31,14||0|000|5152||31,14|17,00|5,29|0||0|||||||01|31,14|0,65|||0,20|01|31,14|3,00|||0,93||
|C190|000|5152|17,00|31,14|31,14|5,29|0|0|0|0||
|C100|1|0|800008026|01|00|U|0068579||03012011|03012011|170,03|0|||170,03|9||||170,03|28,91||||||||
|C170|1|180260||1,00000|UN|170,03||0|000|5152||170,03|17,00|28,91|0||0|||||||01|170,03|0,65|||1,11|01|170,03|3,00|||5,10||
|C190|000|5152|17,00|170,03|170,03|28,91|0|0|0|0||
|C100|1|0|800008026|01|00|U|0068583||04012011|04012011|398,00|0|||398,00|9||||398,00|67,66||||||||
|C170|1|050553||1,00000|UN|398,00||0|000|5152||398,00|17,00|67,66|0||0|||||||01|398,00|0,65|||2,59|01|398,00|3,00|||11,94||
|C190|000|5152|17,00|398,00|398,00|67,66|0|0|0|0||
|C100|1|0|800008026|01|00|U|0068604||06012011|06012011|956,92|0|||956,92|9||||956,92|162,68||||||||
|C170|1|250480||1,00000|UN|956,92||0|000|5152||956,92|17,00|162,68|0||0|||||||01|956,92|0,65|||6,22|01|956,92|3,00|||28,71||
|C190|000|5152|17,00|956,92|956,92|162,68|0|0|0|0||
|C100|1|0|800008026|01|00|U|0068612||07012011|07012011|77,28|0|||77,28|9||||77,28|13,14||||||||
|C170|1|090240||1,00000|UN|34,93||0|000|5152||34,93|17,00|5,94|0||0|||||||01|34,93|0,65|||0,23|01|34,93|3,00|||1,05||
|C170|2|120090||1,00000|UN|42,35||0|000|5152||42,35|17,00|7,20|0||0|||||||01|42,35|0,65|||0,28|01|42,35|3,00|||1,27||
|C190|000|5152|17,00|77,28|77,28|13,14|0|0|0|0||
|C100|1|0|800008026|01|00|U|0068614||08012011|08012011|15276,74|0|||15276,74|9||||15276,74|2597,05||||||||
|C170|1|030253||1,00000|UN|940,86||0|000|5152||940,86|17,00|159,95|0||0|||||||01|940,86|0,65|||6,12|01|940,86|3,00|||28,23||
|C170|2|030293||2,00000|UN|1940,72||0|000|5152||1940,72|17,00|329,92|0||0|||||||01|1940,72|0,65|||12,61|01|1940,72|3,00|||58,22||
|C170|3|030303||1,00000|UN|1164,79||0|000|5152||1164,79|17,00|198,01|0||0|||||||01|1164,79|0,65|||7,57|01|1164,79|3,00|||34,94||
|C170|4|030630||2,00000|UN|1996,08||0|000|5152||1996,08|17,00|339,33|0||0|||||||01|1996,08|0,65|||12,97|01|1996,08|3,00|||59,88||
|C170|5|030473||2,00000|UN|1645,90||0|000|5152||1645,90|17,00|279,80|0||0|||||||01|1645,90|0,65|||10,70|01|1645,90|3,00|||49,38||
|C170|6|030483||1,00000|UN|954,02||0|000|5152||954,02|17,00|162,18|0||0|||||||01|954,02|0,65|||6,20|01|954,02|3,00|||28,62||
|C170|7|030940||1,00000|UN|1009,11||0|000|5152||1009,11|17,00|171,55|0||0|||||||01|1009,11|0,65|||6,56|01|1009,11|3,00|||30,27||
|C170|8|650200||10,00000|UN|174,30||0|000|5152||174,30|17,00|29,63|0||0|||||||01|174,30|0,65|||1,13|01|174,30|3,00|||5,23||
|C170|9|180263||10,00000|UN|1487,20||0|000|5152||1487,20|17,00|252,82|0||0|||||||01|1487,20|0,65|||9,67|01|1487,20|3,00|||44,62||
|C170|10|180290||6,00000|UN|447,54||0|000|5152||447,54|17,00|76,08|0||0|||||||01|447,54|0,65|||2,91|01|447,54|3,00|||13,43||
|C170|11|031240||2,00000|UN|313,30||0|000|5152||313,30|17,00|53,26|0||0|||||||01|313,30|0,65|||2,04|01|313,30|3,00|||9,40||
|C170|12|100200||6,00000|UN|1489,92||0|000|5152||1489,92|17,00|253,29|0||0|||||||01|1489,92|0,65|||9,68|01|1489,92|3,00|||44,70||
|C170|13|100160||6,00000|UN|1713,00||0|000|5152||1713,00|17,00|291,21|0||0|||||||01|1713,00|0,65|||11,13|01|1713,00|3,00|||51,39||
|C190|000|5152|17,00|15276,74|15276,74|2597,05|0|0|0|0||
|C100|1|0|800008026|01|00|U|0068615||08012011|08012011|3013,56|0|||3013,56|9||||3013,56|512,31||||||||
|C170|1|180910||1,00000|UN|3013,56||0|000|5152||3013,56|17,00|512,31|0||0|||||||01|3013,56|0,65|||19,59|01|3013,56|3,00|||90,41||
|C190|000|5152|17,00|3013,56|3013,56|512,31|0|0|0|0||
|C100|1|0|800008026|01|00|U|0068618||10012011|10012011|868,62|0|||868,62|9||||868,62|147,67||||||||
|C170|1|501110||6,00000|UN|868,62||0|000|5152||868,62|17,00|147,67|0||0|||||||01|868,62|0,65|||5,65|01|868,62|3,00|||26,06||
|C190|000|5152|17,00|868,62|868,62|147,67|0|0|0|0||
|C100|1|0|800008026|01|00|U|0068621||10012011|10012011|239,00|0|||239,00|9||||239,00|40,63||||||||
|C170|1|100220||1,00000|UN|239,00||0|000|5152||239,00|17,00|40,63|0||0|||||||01|239,00|0,65|||1,55|01|239,00|3,00|||7,17||
|C190|000|5152|17,00|239,00|239,00|40,63|0|0|0|0||
|C100|1|0|800008026|01|00|U|0068627||10012011|10012011|213,31|0|||213,31|9||||213,31|36,26||||||||
|C170|1|180253||1,00000|UN|186,02||0|000|5152||186,02|17,00|31,62|0||0|||||||01|186,02|0,65|||1,21|01|186,02|3,00|||5,58||
|C170|2|330050||1,00000|UN|27,29||0|000|5152||27,29|17,00|4,64|0||0|||||||01|27,29|0,65|||0,18|01|27,29|3,00|||0,82||
|C190|000|5152|17,00|213,31|213,31|36,26|0|0|0|0||
|C100|1|0|800008026|01|00|U|0068629||11012011|11012011|55,02|0|||55,02|9||||55,02|9,35||||||||
|C170|1|660090||1,00000|UN|55,02||0|000|5152||55,02|17,00|9,35|0||0|||||||01|55,02|0,65|||0,36|01|55,02|3,00|||1,65||
|C190|000|5152|17,00|55,02|55,02|9,35|0|0|0|0||
|C100|1|0|800008026|01|00|U|0068632||12012011|12012011|1916,79|0|||1916,79|9||||1916,79|325,85||||||||
|C170|1|030343||1,00000|UN|1916,79||0|000|5152||1916,79|17,00|325,85|0||0|||||||01|1916,79|0,65|||12,46|01|1916,79|3,00|||57,50||
|C190|000|5152|17,00|1916,79|1916,79|325,85|0|0|0|0||
|C100|1|0|800008026|01|00|U|0068633||12012011|12012011|660,50|0|||660,50|9||||660,50|112,28||||||||
|C170|1|030363||1,00000|UN|660,50||0|000|5152||660,50|17,00|112,28|0||0|||||||01|660,50|0,65|||4,29|01|660,50|3,00|||19,82||
|C190|000|5152|17,00|660,50|660,50|112,29|0|0|0|0||
|C100|1|0|800008026|01|00|U|0068637||12012011|12012011|11,19|0|||11,19|9||||11,19|1,90||||||||
|C170|1|840230||1,00000|UN|11,19||0|000|5152||11,19|17,00|1,90|0||0|||||||01|11,19|0,65|||0,07|01|11,19|3,00|||0,34||
|C190|000|5152|17,00|11,19|11,19|1,90|0|0|0|0||
|C100|1|0|800008026|01|00|U|0068638||13012011|13012011|5610,58|0|||5610,58|9||||5610,58|953,80||||||||
|C170|1|030253||1,00000|UN|940,86||0|000|5152||940,86|17,00|159,95|0||0|||||||01|940,86|0,65|||6,12|01|940,86|3,00|||28,23||
|C170|2|100200||6,00000|UN|1489,92||0|000|5152||1489,92|17,00|253,29|0||0|||||||01|1489,92|0,65|||9,68|01|1489,92|3,00|||44,70||
|C170|3|100210||10,00000|UN|2324,90||0|000|5152||2324,90|17,00|395,23|0||0|||||||01|2324,90|0,65|||15,11|01|2324,90|3,00|||69,75||
|C170|4|120080||10,00000|UN|854,90||0|000|5152||854,90|17,00|145,33|0||0|||||||01|854,90|0,65|||5,56|01|854,90|3,00|||25,65||
|C190|000|5152|17,00|5610,58|5610,58|953,80|0|0|0|0||
|C100|1|0|800008026|01|00|U|0068639||13012011|13012011|248,32|0|||248,32|9||||248,32|42,21||||||||
|C170|1|100200||1,00000|UN|248,32||0|000|5152||248,32|17,00|42,21|0||0|||||||01|248,32|0,65|||1,61|01|248,32|3,00|||7,45||
|C190|000|5152|17,00|248,32|248,32|42,21|0|0|0|0||
|C100|1|0|800008026|01|00|U|0068643||14012011|14012011|3486,83|0|||3486,83|9||||3486,83|592,76||||||||
|C170|1|030533||3,00000|UN|880,74||0|000|5152||880,74|17,00|149,73|0||0|||||||01|880,74|0,65|||5,72|01|880,74|3,00|||26,42||
|C170|2|030543||3,00000|UN|1252,44||0|000|5152||1252,44|17,00|212,91|0||0|||||||01|1252,44|0,65|||8,14|01|1252,44|3,00|||37,57||
|C170|3|040123||2,00000|UN|886,68||0|000|5152||886,68|17,00|150,74|0||0|||||||01|886,68|0,65|||5,76|01|886,68|3,00|||26,60||
|C170|4|040133||1,00000|UN|466,97||0|000|5152||466,97|17,00|79,38|0||0|||||||01|466,97|0,65|||3,04|01|466,97|3,00|||14,01||
|C190|000|5152|17,00|3486,83|3486,83|592,76|0|0|0|0||
|C100|1|0|800008026|01|00|U|0068645||14012011|14012011|471,65|0|||471,65|9||||471,65|80,18||||||||
|C170|1|040423||1,00000|UN|471,65||0|000|5152||471,65|17,00|80,18|0||0|||||||01|471,65|0,65|||3,07|01|471,65|3,00|||14,15||
|C190|000|5152|17,00|471,65|471,65|80,18|0|0|0|0||
|C100|1|0|800008026|01|00|U|0068646||15012011|15012011|588,20|0|||588,20|9||||588,20|99,99||||||||
|C170|1|150420||10,00000|UN|588,20||0|000|5152||588,20|17,00|99,99|0||0|||||||01|588,20|0,65|||3,82|01|588,20|3,00|||17,65||
|C190|000|5152|17,00|588,20|588,20|99,99|0|0|0|0||
|C100|1|0|800007004|01|00|U|0068616||08012011|08012011|1040,00|0|||1040,00|9||||0|0||||||||
|C170|1|040290||1,00000|UN|1040,00||0|041|5949|||||0||0|||||||99||||||99|||||||
|C190|041|5949||1040,00|0|0|0|0|0|0||
|C100|1|0|800007005|01|00|U|0068703||29012011|29012011|89,00|0|||89,00|9||||0|0||||||||
|C170|1|150310||1,00000|UN|89,00||0|041|5949|||||0||0|||||||99||||||99|||||||
|C190|041|5949||89,00|0|0|0|0|0|0||
|C100|1|0|800007006|01|00|U|0068574||03012011|03012011|2299,00|0|||2299,00|9||||0|0||||||||
|C170|1|030093||1,00000|UN|2299,00||0|041|5949|||||0||0|||||||99||||||99|||||||
|C190|041|5949||2299,00|0|0|0|0|0|0||
|C100|1|0|800007007|01|00|U|0068603||06012011|06012011|379,00|0|||379,00|9||||0|0||||||||
|C170|1|100210||1,00000|UN|379,00||0|041|5949|||||0||0|||||||99||||||99|||||||
|C190|041|5949||379,00|0|0|0|0|0|0||
|C100|1|0|800007008|01|00|U|0068661||19012011|19012011|7376,00|0|||7376,00|9||||0|0||||||||
|C170|1|030353||1,00000|UN|1125,00||0|041|5949|||||0||0|||||||99||||||99|||||||
|C170|2|030870||1,00000|UN|2250,00||0|041|5949|||||0||0|||||||99||||||99|||||||
|C170|3|031200||1,00000|UN|1349,00||0|041|5949|||||0||0|||||||99||||||99|||||||
|C170|4|031100||1,00000|UN|269,00||0|041|5949|||||0||0|||||||99||||||99|||||||
|C170|5|030940||1,00000|UN|764,00||0|041|5949|||||0||0|||||||99||||||99|||||||
|C170|6|180770||1,00000|UN|630,00||0|041|5949|||||0||0|||||||99||||||99|||||||
|C170|7|950370||1,00000|UN|810,00||0|041|5949|||||0||0|||||||99||||||99|||||||
|C170|8|330150||1,00000|UN|179,00||0|041|5949|||||0||0|||||||99||||||99|||||||
|C190|041|5949||7376,00|0|0|0|0|0|0||
|C100|1|0|800008030|01|00|U|0068682||25012011|25012011|549,00|0|||549,00|9||||0|0||||||||
|C170|1|031100||1,00000|UN|549,00||0|041|5949|||||0||0|||||||99||||||99|||||||
|C190|041|5949||549,00|0|0|0|0|0|0||
|C100|1|0|800007010|01|00|U|0068651||17012011|17012011|1350,00|0|||1350,00|9||||0|0||||||||
|C170|1|040280||1,00000|UN|1350,00||0|041|5949|||||0||0|||||||99||||||99|||||||
|C190|041|5949||1350,00|0|0|0|0|0|0||
|C100|1|0|800007011|01|00|U|0068625||10012011|10012011|499,00|0|||499,00|9||||0|0||||||||
|C170|1|100030||1,00000|UN|499,00||0|041|5949|||||0||0|||||||99||||||99|||||||
|C190|041|5949||499,00|0|0|0|0|0|0||
|C100|1|0|800007012|01|00|U|0068602||06012011|06012011|469,00|0|||469,00|9||||0|0||||||||
|C170|1|060210||1,00000|UN|469,00||0|041|5949|||||0||0|||||||99||||||99|||||||
|C190|041|5949||469,00|0|0|0|0|0|0||
|C100|1|0|800007013|01|00|U|0068599||05012011|05012011|2899,00|0|||2899,00|9||||0|0||||||||
|C170|1|030880||1,00000|UN|2899,00||0|041|5949|||||0||0|||||||99||||||99|||||||
|C190|041|5949||2899,00|0|0|0|0|0|0||
|C100|1|0|800007014|01|00|U|0068584||04012011|04012011|999,00|0|||999,00|9||||0|0||||||||
|C170|1|040173||1,00000|UN|999,00||0|041|5949|||||0||0|||||||99||||||99|||||||
|C190|041|5949||999,00|0|0|0|0|0|0||
|C100|1|0|800007015|01|00|U|0068623||10012011|10012011|1599,00|0|||1599,00|9||||0|0||||||||
|C170|1|030253||1,00000|UN|1599,00||0|041|5949|||||0||0|||||||99||||||99|||||||
|C190|041|5949||1599,00|0|0|0|0|0|0||
|C100|1|0|800008031|01|00|U|0068576||03012011|03012011|2200,00|0|||2200,00|9||||0|0||||||||
|C170|1|030093||1,00000|UN|2200,00||0|041|5949|||||0||0|||||||99||||||99|||||||
|C190|041|5949||2200,00|0|0|0|0|0|0||
|C100|1|0|800007017|01|00|U|0068605||06012011|06012011|1,00|0|809,00||810,00|9||||0|0||||||||
|C170|1|950370||1,00000|UN|810,00|809,00|0|041|5949|||||0||0|||||||99||||||99|||||||
|C190|041|5949||1,00|0|0|0|0|0|0||
|C100|1|0|6431|01|00|U|0068678||22012011|22012011|436,00|0|||436,00|9||||0|0||||||||
|C170|1|050543||1,00000|UN|436,00||0|041|5949|||||0||0|||||||99||||||99|||||||
|C190|041|5949||436,00|0|0|0|0|0|0||
|C100|1|0|41|01|00|U|0068699||28012011|28012011|399,00|0|||399,00|9||||0|0||||||||
|C170|1|100200||1,00000|UN|399,00||0|041|5949|||||0||0|||||||99||||||99|||||||
|C190|041|5949||399,00|0|0|0|0|0|0||
|C100|1|0|800007018|01|00|U|0068631||11012011|11012011|329,00|0|||329,00|9||||0|0||||||||
|C170|1|180253||1,00000|UN|329,00||0|041|5949|||||0||0|||||||99||||||99|||||||
|C190|041|5949||329,00|0|0|0|0|0|0||
|C100|1|0|800007019|01|00|U|0068688||26012011|26012011|379,00|0|||379,00|9||||0|0||||||||
|C170|1|100210||1,00000|UN|379,00||0|041|5949|||||0||0|||||||99||||||99|||||||
|C190|041|5949||379,00|0|0|0|0|0|0||
|C100|1|0|800007020|01|00|U|0068622||10012011|10012011|699,00|0|||699,00|9||||0|0||||||||
|C170|1|040383||1,00000|UN|699,00||0|041|5949|||||0||0|||||||99||||||99|||||||
|C190|041|5949||699,00|0|0|0|0|0|0||
|C100|1|0|800007021|01|00|U|0068684||25012011|25012011|999,00|0|||999,00|9||||0|0||||||||
|C170|1|220223||1,00000|UN|999,00||0|041|5949|||||0||0|||||||99||||||99|||||||
|C190|041|5949||999,00|0|0|0|0|0|0||
|C100|1|0|800007022|01|00|U|0068694||27012011|27012011|309,00|0|||309,00|9||||0|0||||||||
|C170|1|100013||1,00000|UN|309,00||0|041|5949|||||0||0|||||||99||||||99|||||||
|C190|041|5949||309,00|0|0|0|0|0|0||
|C100|1|0|800007023|01|00|U|0068598||05012011|05012011|1399,00|0|||1399,00|9||||0|0||||||||
|C170|1|040213||1,00000|UN|1399,00||0|041|5949|||||0||0|||||||99||||||99|||||||
|C190|041|5949||1399,00|0|0|0|0|0|0||
|C100|1|0|800007024|01|00|U|0068653||17012011|17012011|949,00|0|||949,00|9||||0|0||||||||
|C170|1|030910||1,00000|UN|949,00||0|041|5949|||||0||0|||||||99||||||99|||||||
|C190|041|5949||949,00|0|0|0|0|0|0||
|C100|1|0|800006994|01|00|U|0068652||17012011|17012011|22,00|0|||22,00|9||||0|0||||||||
|C170|1|501030||1,00000|UN|22,00||0|041|5949|||||0||0|||||||99||||||99|||||||
|C190|041|5949||22,00|0|0|0|0|0|0||
|C100|1|0|800006994|01|00|U|0068608||06012011|06012011|118,00|0|||118,00|9||||0|0||||||||
|C170|1|570040||2,00000|UN|118,00||0|041|5949|||||0||0|||||||99||||||99|||||||
|C190|041|5949||118,00|0|0|0|0|0|0||
|C100|1|0|800006994|01|00|U|0068581||03012011|03012011|393,00|0|||393,00|9||||0|0||||||||
|C170|1|180203||1,00000|UN|393,00||0|041|5949|||||0||0|||||||99||||||99|||||||
|C190|041|5949||393,00|0|0|0|0|0|0||
|C100|1|0|100003507|01|00|U|0068630||11012011|11012011|1015,00|0|||1015,00|9||||0|0||||||||
|C170|1|030093||1,00000|UN|1015,00||0|041|5949|||||0||0|||||||99||||||99|||||||
|C190|041|5949||1015,00|0|0|0|0|0|0||
|C100|1|0|800007025|01|00|U|0068700||28012011|28012011|5686,00|0|||5686,00|9||||0|0||||||||
|C170|1|030130||1,00000|UN|1999,00||0|041|5949|||||0||0|||||||99||||||99|||||||
|C170|2|030373||1,00000|UN|1319,00||0|041|5949|||||0||0|||||||99||||||99|||||||
|C170|3|031170||1,00000|UN|1819,00||0|041|5949|||||0||0|||||||99||||||99|||||||
|C170|4|031100||1,00000|UN|549,00||0|041|5949|||||0||0|||||||99||||||99|||||||
|C190|041|5949||5686,00|0|0|0|0|0|0||
|C100|1|0|800007026|01|00|U|0068595||05012011|05012011|1340,00|0|||1340,00|9||||0|0||||||||
|C170|1|040213||1,00000|UN|1340,00||0|041|5949|||||0||0|||||||99||||||99|||||||
|C190|041|5949||1340,00|0|0|0|0|0|0||
|C100|1|0|800008032|01|00|U|0068659||17012011|17012011|1299,00|0|||1299,00|9||||0|0||||||||
|C170|1|051323||1,00000|UN|1299,00||0|041|5949|||||0||0|||||||99||||||99|||||||
|C190|041|5949||1299,00|0|0|0|0|0|0||
|C100|1|0|800007028|01|00|U|0068704||31012011|31012011|800,00|0|||800,00|9||||0|0||||||||
|C170|1|050683||1,00000|UN|800,00||0|041|5949|||||0||0|||||||99||||||99|||||||
|C190|041|5949||800,00|0|0|0|0|0|0||
|C100|1|0|800007029|01|00|U|0068624||10012011|10012011|267,00|0|||267,00|9||||0|0||||||||
|C170|1|180263||1,00000|UN|267,00||0|041|5949|||||0||0|||||||99||||||99|||||||
|C190|041|5949||267,00|0|0|0|0|0|0||
|C100|1|0|800007030|01|00|U|0068617||08012011|08012011|1260,00|0|||1260,00|9||||0|0||||||||
|C170|1|030373||1,00000|UN|1260,00||0|041|5949|||||0||0|||||||99||||||99|||||||
|C190|041|5949||1260,00|0|0|0|0|0|0||
|C100|1|0|800007031|01|00|U|0068609||07012011|07012011|329,00|0|||329,00|9||||0|0||||||||
|C170|1|180253||1,00000|UN|329,00||0|041|5949|||||0||0|||||||99||||||99|||||||
|C190|041|5949||329,00|0|0|0|0|0|0||
|C100|0|1|800008026|01|00|1|0008303||21012011|21012011|58,82|0|||58,82|9||||58,82|10,00||||||||
|C170|1|150420||1,00000|UN|58,82||0|000|1152||58,82|17,00|10,00|0||0||||||||||||||||||||
|C190|000|1152|17,00|58,82|58,82|10,00|0|0|0|0||
|C100|0|1|800008026|01|00|1|0008306||21012011|21012011|33,66|0|||33,66|9||||33,66|5,72||||||||
|C170|1|150070||1,00000|UN|33,66||0|000|1152||33,66|17,00|5,72|0||0||||||||||||||||||||
|C190|000|1152|17,00|33,66|33,66|5,72|0|0|0|0||
|C100|0|1|800008026|01|00|1|0008308||21012011|21012011|109,39|0|||109,39|9||||109,39|18,60||||||||
|C170|1|090240||1,00000|UN|34,93||0|000|1152||34,93|17,00|5,94|0||0||||||||||||||||||||
|C170|2|330050||1,00000|UN|27,29||0|000|1152||27,29|17,00|4,64|0||0||||||||||||||||||||
|C170|3|813550||1,00000|UN|16,03||0|000|1152||16,03|17,00|2,73|0||0||||||||||||||||||||
|C170|4|502181||1,00000|UN|31,14||0|000|1152||31,14|17,00|5,29|0||0||||||||||||||||||||
|C190|000|1152|17,00|109,39|109,39|18,60|0|0|0|0||
|C100|0|1|800008026|01|00|1|0008309||21012011|21012011|9256,92|0|||9256,92|9||||9256,92|1573,68||||||||
|C170|1|040053||1,00000|UN|745,95||0|000|1152||745,95|17,00|126,81|0||0||||||||||||||||||||
|C170|2|040123||1,00000|UN|443,34||0|000|1152||443,34|17,00|75,37|0||0||||||||||||||||||||
|C170|3|051220||1,00000|UN|562,49||0|000|1152||562,49|17,00|95,62|0||0||||||||||||||||||||
|C170|4|090310||2,00000|UN|206,10||0|000|1152||206,10|17,00|35,04|0||0||||||||||||||||||||
|C170|5|050630||1,00000|UN|854,92||0|000|1152||854,92|17,00|145,34|0||0||||||||||||||||||||
|C170|6|050990||2,00000|UN|3158,26||0|000|1152||3158,26|17,00|536,90|0||0||||||||||||||||||||
|C170|7|180910||1,00000|UN|3013,56||0|000|1152||3013,56|17,00|512,31|0||0||||||||||||||||||||
|C170|8|100053||1,00000|UN|272,30||0|000|1152||272,30|17,00|46,29|0||0||||||||||||||||||||
|C190|000|1152|17,00|9256,92|9256,92|1573,68|0|0|0|0||
|C100|0|1|800008026|01|00|1|0008311||21012011|21012011|24,03|0|||24,03|9||||24,03|4,09||||||||
|C170|1|500126||1,00000|UN|24,03||0|000|1152||24,03|17,00|4,09|0||0||||||||||||||||||||
|C190|000|1152|17,00|24,03|24,03|4,09|0|0|0|0||
|C100|0|1|800008026|01|00|1|0008312||22012011|22012011|232,49|0|||232,49|9||||232,49|39,52||||||||
|C170|1|100210||1,00000|UN|232,49||0|000|1152||232,49|17,00|39,52|0||0||||||||||||||||||||
|C190|000|1152|17,00|232,49|232,49|39,52|0|0|0|0||
|C100|0|1|800008026|01|00|1|0008317||24012011|24012011|641,78|0|||641,78|9||||641,78|109,10||||||||
|C170|1|040290||1,00000|UN|641,78||0|000|1152||641,78|17,00|109,10|0||0||||||||||||||||||||
|C190|000|1152|17,00|641,78|641,78|109,10|0|0|0|0||
|C100|0|1|800008026|01|00|1|0008321||24012011|24012011|151,77|0|||151,77|9||||151,77|25,80||||||||
|C170|1|890420||1,00000|UN|99,62||0|000|1152||99,62|17,00|16,94|0||0||||||||||||||||||||
|C170|2|901541||1,00000|UN|19,60||0|000|1152||19,60|17,00|3,33|0||0||||||||||||||||||||
|C170|3|910782||1,00000|UN|32,55||0|000|1152||32,55|17,00|5,53|0||0||||||||||||||||||||
|C190|000|1152|17,00|151,77|151,77|25,80|0|0|0|0||
|C100|0|1|800008026|01|00|1|0008324||25012011|25012011|75,25|0|||75,25|9||||75,25|12,79||||||||
|C170|1|120040||1,00000|UN|42,55||0|000|1152||42,55|17,00|7,23|0||0||||||||||||||||||||
|C170|2|290190||1,00000|UN|32,70||0|000|1152||32,70|17,00|5,56|0||0||||||||||||||||||||
|C190|000|1152|17,00|75,25|75,25|12,79|0|0|0|0||
|C100|0|1|800008026|01|00|1|0008327||26012011|26012011|32,55|0|||32,55|9||||32,55|5,53||||||||
|C170|1|910781||1,00000|UN|32,55||0|000|1152||32,55|17,00|5,53|0||0||||||||||||||||||||
|C190|000|1152|17,00|32,55|32,55|5,53|0|0|0|0||
|C100|0|1|800008026|01|00|1|0008328||26012011|26012011|403,77|0|||403,77|9||||403,77|68,64||||||||
|C170|1|501110||1,00000|UN|144,77||0|000|1152||144,77|17,00|24,61|0||0||||||||||||||||||||
|C170|2|701430||1,00000|UN|9,46||0|000|1152||9,46|17,00|1,61|0||0||||||||||||||||||||
|C170|3|901160||1,00000|UN|38,98||0|000|1152||38,98|17,00|6,63|0||0||||||||||||||||||||
|C170|4|900631||36,00000|UN|69,84||0|000|1152||69,84|17,00|11,87|0||0||||||||||||||||||||
|C170|5|900632||36,00000|UN|63,72||0|000|1152||63,72|17,00|10,83|0||0||||||||||||||||||||
|C170|6|820500||1,00000|UN|6,75||0|000|1152||6,75|17,00|1,15|0||0||||||||||||||||||||
|C170|7|970310||1,00000|UN|58,01||0|000|1152||58,01|17,00|9,86|0||0||||||||||||||||||||
|C170|8|910870||1,00000|UN|12,24||0|000|1152||12,24|17,00|2,08|0||0||||||||||||||||||||
|C190|000|1152|17,00|403,77|403,77|68,64|0|0|0|0||
|C100|0|1|800008026|01|00|1|0008329||27012011|27012011|957,78|0|||957,78|9||||957,78|162,82||||||||
|C170|1|180180||3,00000|UN|957,78||0|000|1152||957,78|17,00|162,82|0||0||||||||||||||||||||
|C190|000|1152|17,00|957,78|957,78|162,82|0|0|0|0||
|C100|0|1|800008026|01|00|1|0008331||27012011|27012011|442,01|0|||442,01|9||||392,01|66,64||||||||
|C170|1|290190||1,00000|UN|32,70||0|000|1152||32,70|17,00|5,56|0||0||||||||||||||||||||
|C170|2|330030||1,00000|UN|76,05||0|000|1152||76,05|17,00|12,93|0||0||||||||||||||||||||
|C170|3|330050||1,00000|UN|27,29||0|000|1152||27,29|17,00|4,64|0||0||||||||||||||||||||
|C170|4|500281||1,00000|UN|7,76||0|000|1152||7,76|17,00|1,32|0||0||||||||||||||||||||
|C170|5|502190||1,00000|UN|26,20||0|000|1152||26,20|17,00|4,45|0||0||||||||||||||||||||
|C170|6|330240||1,00000|UN|43,21||0|000|1152||43,21|17,00|7,35|0||0||||||||||||||||||||
|C170|7|680150||1,00000|UN|41,75||0|000|1152||41,75|17,00|7,10|0||0||||||||||||||||||||
|C170|8|840620||1,00000|UN|26,86||0|000|1152||26,86|17,00|4,57|0||0||||||||||||||||||||
|C170|9|840970||1,00000|UN|28,53||0|000|1152||28,53|17,00|4,85|0||0||||||||||||||||||||
|C170|10|502201||1,00000|UN|31,14||0|000|1152||31,14|17,00|5,29|0||0||||||||||||||||||||
|C170|11|910785||1,00000|UN|32,55||0|000|1152||32,55|17,00|5,53|0||0||||||||||||||||||||
|C170|12|761380||1,00000|UN|17,97||0|000|1152||17,97|17,00|3,05|0||0||||||||||||||||||||
|C170|13|710020||1,00000|UN|50,00||0|041|1152|||||0||0||||||||||||||||||||
|C190|000|1152|17,00|392,01|392,01|66,64|0|0|0|0||
|C190|041|1152||50,00|0|0|0|0|0|0||
|C100|0|1|800008026|01|00|1|0008334||27012011|27012011|597,92|0|||597,92|9||||597,92|101,65||||||||
|C170|1|090240||1,00000|UN|34,93||0|000|1152||34,93|17,00|5,94|0||0||||||||||||||||||||
|C170|2|120020||1,00000|UN|60,76||0|000|1152||60,76|17,00|10,33|0||0||||||||||||||||||||
|C170|3|901130||1,00000|UN|39,98||0|000|1152||39,98|17,00|6,80|0||0||||||||||||||||||||
|C170|4|180290||1,00000|UN|74,59||0|000|1152||74,59|17,00|12,68|0||0||||||||||||||||||||
|C170|5|330090||1,00000|UN|68,40||0|000|1152||68,40|17,00|11,63|0||0||||||||||||||||||||
|C170|6|180380||1,00000|UN|319,26||0|000|1152||319,26|17,00|54,27|0||0||||||||||||||||||||
|C190|000|1152|17,00|597,92|597,92|101,65|0|0|0|0||
|C100|0|1|800008026|01|00|1|0008335||27012011|27012011|41,34|0|||41,34|9||||0|0||||||||
|C170|1|710280||1,00000|UN|41,34||0|041|1152|||||0||0||||||||||||||||||||
|C190|041|1152||41,34|0|0|0|0|0|0||
|C100|0|1|800008026|01|00|1|0008338||27012011|27012011|105,49|0|||105,49|9||||105,49|17,93||||||||
|C170|1|330250||1,00000|UN|58,97||0|000|1152||58,97|17,00|10,02|0||0||||||||||||||||||||
|C170|2|530470||1,00000|UN|21,64||0|000|1152||21,64|17,00|3,68|0||0||||||||||||||||||||
|C170|3|820190||1,00000|UN|15,81||0|000|1152||15,81|17,00|2,69|0||0||||||||||||||||||||
|C170|4|531970||1,00000|UN|9,07||0|000|1152||9,07|17,00|1,54|0||0||||||||||||||||||||
|C190|000|1152|17,00|105,49|105,49|17,93|0|0|0|0||
|C100|0|1|800008026|01|00|1|0008340||28012011|28012011|4515,04|0|||4515,04|9||||4515,04|767,56||||||||
|C170|1|030443||1,00000|UN|751,00||0|000|1152||751,00|17,00|127,67|0||0||||||||||||||||||||
|C170|2|040203||1,00000|UN|1030,72||0|000|1152||1030,72|17,00|175,22|0||0||||||||||||||||||||
|C170|3|220283||2,00000|UN|2108,18||0|000|1152||2108,18|17,00|358,39|0||0||||||||||||||||||||
|C170|4|040383||1,00000|UN|430,76||0|000|1152||430,76|17,00|73,23|0||0||||||||||||||||||||
|C170|5|040430||1,00000|UN|194,38||0|000|1152||194,38|17,00|33,04|0||0||||||||||||||||||||
|C190|000|1152|17,00|4515,04|4515,04|767,56|0|0|0|0||
|C100|0|1|800008026|01|00|1|0008341||28012011|28012011|29,89|0|||29,89|9||||29,89|5,08||||||||
|C170|1|120130||1,00000|UN|29,89||0|000|1152||29,89|17,00|5,08|0||0||||||||||||||||||||
|C190|000|1152|17,00|29,89|29,89|5,08|0|0|0|0||
|C100|0|1|800008026|01|00|1|0008342||28012011|28012011|1118,79|0|||1118,79|9||||1118,79|190,19||||||||
|C170|1|120060||1,00000|UN|181,69||0|000|1152||181,69|17,00|30,89|0||0||||||||||||||||||||
|C170|2|180770||1,00000|UN|852,27||0|000|1152||852,27|17,00|144,89|0||0||||||||||||||||||||
|C170|3|180930||1,00000|UN|84,83||0|000|1152||84,83|17,00|14,42|0||0||||||||||||||||||||
|C190|000|1152|17,00|1118,79|1118,79|190,19|0|0|0|0||
|C100|0|1|800008026|01|00|1|0008345||29012011|29012011|589,05|0|||589,05|9||||589,05|100,14||||||||
|C170|1|150040||1,00000|UN|35,28||0|000|1152||35,28|17,00|6,00|0||0||||||||||||||||||||
|C170|2|180263||1,00000|UN|148,72||0|000|1152||148,72|17,00|25,28|0||0||||||||||||||||||||
|C170|3|330090||1,00000|UN|68,40||0|000|1152||68,40|17,00|11,63|0||0||||||||||||||||||||
|C170|4|330240||1,00000|UN|43,21||0|000|1152||43,21|17,00|7,35|0||0||||||||||||||||||||
|C170|5|330020||1,00000|UN|60,96||0|000|1152||60,96|17,00|10,36|0||0||||||||||||||||||||
|C170|6|290230||1,00000|UN|75,64||0|000|1152||75,64|17,00|12,86|0||0||||||||||||||||||||
|C170|7|330250||1,00000|UN|58,97||0|000|1152||58,97|17,00|10,02|0||0||||||||||||||||||||
|C170|8|502180||1,00000|UN|37,77||0|000|1152||37,77|17,00|6,42|0||0||||||||||||||||||||
|C170|9|910785||1,00000|UN|32,55||0|000|1152||32,55|17,00|5,53|0||0||||||||||||||||||||
|C170|10|903450||1,00000|UN|27,55||0|000|1152||27,55|17,00|4,68|0||0||||||||||||||||||||
|C190|000|1152|17,00|589,05|589,05|100,14|0|0|0|0||
|C100|0|1|800008026|01|00|1|0008346||29012011|29012011|186,87|0|||186,87|9||||186,87|31,77||||||||
|C170|1|330050||1,00000|UN|27,29||0|000|1152||27,29|17,00|4,64|0||0||||||||||||||||||||
|C170|2|702210||1,00000|UN|77,41||0|000|1152||77,41|17,00|13,16|0||0||||||||||||||||||||
|C170|3|813550||1,00000|UN|16,03||0|000|1152||16,03|17,00|2,73|0||0||||||||||||||||||||
|C170|4|880010||1,00000|UN|39,28||0|000|1152||39,28|17,00|6,68|0||0||||||||||||||||||||
|C170|5|840620||1,00000|UN|26,86||0|000|1152||26,86|17,00|4,57|0||0||||||||||||||||||||
|C190|000|1152|17,00|186,87|186,87|31,77|0|0|0|0||
|C100|0|1|800006975|01|00|1|0052168||24012011|25012011|10244,00|0|||10244,00|9||||10244,00|1741,48||||||||
|C170|1|270010||6,00000|UN|2994,00||0|000|1102||2994,00|17,00|508,98|0||0||||||||||||||||||||
|C170|2|270020||10,00000|UN|7250,00||0|000|1102||7250,00|17,00|1232,50|0||0||||||||||||||||||||
|C190|000|1102|17,00|10244,00|10244,00|1741,48|0|0|0|0||
|C100|0|1|800006974|55|00|1|000145801|23110102948030000230550010001458010011458019|10012011|12012011|242,99|9|||233,99|1||||224,99|38,25||||||||
|C170|1|044003000503||1,00000|UD|233,99||0|000|1910||224,99|17,00|38,25|0||0||||||||||||||||||||
|C190|000|1910|17,00|242,99|224,99|38,25|0|0|0|0||
|C100|0|1|800006986|55|00|1|000426759|42101259105999003959550010004267591639455930|24122010|09012011|4710,77|1|||3925,64|1||||3925,64|274,79||||||||
|C170|1|030473||5,00000|PC|1122,55||0|000|2102||1122,55|7,00|78,58|0||0||||||||||||||||||||
|C170|2|030473||5,00000|PC|2321,00||0|000|2102||2321,00|7,00|162,47|0||0||||||||||||||||||||
|C170|3|030473||1,00000|PC|157,16||0|000|2102||157,16|7,00|11,00|0||0||||||||||||||||||||
|C170|4|030473||1,00000|PC|324,93||0|000|2102||324,93|7,00|22,75|0||0||||||||||||||||||||
|C190|000|2102|7,00|4710,77|3925,64|274,79|0|0|0|0||
|C100|0|1|800006986|55|00|1|000426755|42101259105999003959550010004267551213431034|24122010|04012011|4840,08|1|||4033,40|1||||4033,40|282,34||||||||
|C170|1|030483||5,00000|PC|1317,25||0|000|2102||1317,25|7,00|92,21|0||0||||||||||||||||||||
|C170|2|030483||5,00000|PC|2716,15||0|000|2102||2716,15|7,00|190,13|0||0||||||||||||||||||||
|C190|000|2102|7,00|4840,08|4033,40|282,34|0|0|0|0||
|C100|0|1|800006986|55|00|1|000426756|42101259105999003959550010004267561121815828|24122010|04012011|677,60|1|||564,67|1||||564,67|39,53||||||||
|C170|1|030483||1,00000|PC|184,42||0|000|2102||184,42|7,00|12,91|0||0||||||||||||||||||||
|C170|2|030483||1,00000|PC|380,25||0|000|2102||380,25|7,00|26,62|0||0||||||||||||||||||||
|C190|000|2102|7,00|677,60|564,67|39,53|0|0|0|0||
|C100|0|1|800006986|55|00|1|000426757|42101259105999003959550010004267571326375916|24122010|04012011|976,89|1|||849,47|1||||849,47|59,46||||||||
|C170|1|030970||1,00000|PC|849,47||0|000|2102||849,47|7,00|59,46|0||0||||||||||||||||||||
|C190|000|2102|7,00|976,89|849,47|59,46|0|0|0|0||
|C100|0|1|800006986|55|00|1|000426758|42101259105999003959550010004267581424936324|24122010|04012011|976,89|1|||849,47|1||||849,47|59,46||||||||
|C170|1|030970||1,00000|PC|849,47||0|000|2102||849,47|7,00|59,46|0||0||||||||||||||||||||
|C190|000|2102|7,00|976,89|849,47|59,46|0|0|0|0||
|C100|0|1|800006986|55|00|1|000426760|42101259105999003959550010004267601023473119|24122010|04012011|1442,03|1|||1253,94|1||||1253,94|87,78||||||||
|C170|1|030850||1,00000|PC|1253,94||0|000|2102||1253,94|7,00|87,78|0||0||||||||||||||||||||
|C190|000|2102|7,00|1442,03|1253,94|87,78|0|0|0|0||
|C100|0|1|800006986|55|00|1|000426761|42101259105999003959550010004267611763889162|24122010|04012011|5768,08|1|||5015,72|1||||5015,72|351,10||||||||
|C170|1|030850||4,00000|PC|5015,72||0|000|2102||5015,72|7,00|351,10|0||0||||||||||||||||||||
|C190|000|2102|7,00|5768,08|5015,72|351,10|0|0|0|0||
|C100|0|1|800006986|55|00|1|000426753|42101259105999003959550010004267531510747856|24122010|04012011|6447,00|1|||5372,50|1||||5372,50|376,07||||||||
|C170|1|030253||7,00000|PC|5372,50||0|000|2102||5372,50|7,00|376,07|0||0||||||||||||||||||||
|C190|000|2102|7,00|6447,00|5372,50|376,08|0|0|0|0||
|C100|0|1|800006986|55|00|1|000426754|42101259105999003959550010004267541840986223|24122010|04012011|14055,51|1|||12006,31|1||||12006,31|840,44||||||||
|C170|1|030970||3,00000|PC|2548,41||0|000|2102||2548,41|7,00|178,39|0||0||||||||||||||||||||
|C170|2|030940||5,00000|PC|4492,90||0|000|2102||4492,90|7,00|314,50|0||0||||||||||||||||||||
|C170|3|030303||5,00000|PC|4965,00||0|000|2102||4965,00|7,00|347,55|0||0||||||||||||||||||||
|C190|000|2102|7,00|14055,51|12006,31|840,44|0|0|0|0||
|C100|0|1|800006974|55|00|1|000143781|23101202948030000230550010001437810011437810|30122010|04012011|10130,67|1|||9209,70|1||||9209,70|1565,65||||||||
|C170|1|100160||30,00000|UD|9209,70||0|000|1102||9209,70|17,00|1565,65|0||0||||||||||||||||||||
|C190|000|1102|17,00|10130,67|9209,70|1565,65|0|0|0|0||
|C100|0|1|800008028|55|00|1|000266235|35101259105999000348550010002662351587276820|22122010|06012011|10268,52|1|||8557,10|1||||8557,10|599,00||||||||
|C170|1|030630||10,00000|PC|8557,10||0|000|2102||8557,10|7,00|599,00|0||0||||||||||||||||||||
|C190|000|2102|7,00|10268,52|8557,10|599,00|0|0|0|0||
|C100|0|1|800008028|55|00|1|000266236|35101259105999000348550010002662361317096745|22122010|06012011|8859,59|1|||8437,70|1||||8437,70|590,64||||||||
|C170|1|031180||5,00000|PC|8437,70||0|000|2102||8437,70|7,00|590,64|0||0||||||||||||||||||||
|C190|000|2102|7,00|8859,59|8437,70|590,64|0|0|0|0||
|C100|0|1|800008028|55|00|1|000266237|35101259105999000348550010002662371927605225|22122010|06012011|2804,57|1|||2696,70|1||||2696,70|188,77||||||||
|C170|1|030910||5,00000|PC|2696,70||0|000|2102||2696,70|7,00|188,77|0||0||||||||||||||||||||
|C190|000|2102|7,00|2804,57|2696,70|188,77|0|0|0|0||
|C100|0|1|800008028|55|00|1|000266238|35101259105999000348550010002662381758903400|22122010|06012011|14961,96|1|||12468,30|1||||12468,30|872,78||||||||
|C170|1|030293||15,00000|PC|12468,30||0|000|2102||12468,30|7,00|872,78|0||0||||||||||||||||||||
|C190|000|2102|7,00|14961,96|12468,30|872,78|0|0|0|0||
|C100|0|1|800008028|55|00|1|000266239|35101259105999000348550010002662391957914212|22122010|06012011|5703,08|1|||5431,50|1||||5431,50|380,20||||||||
|C170|1|031200||3,00000|PC|5431,50||0|000|2102||5431,50|7,00|380,20|0||0||||||||||||||||||||
|C190|000|2102|7,00|5703,08|5431,50|380,21|0|0|0|0||
|C100|0|1|800006983|55|00|1|000028575|26110159105999006036550010000285750342654990|04012011|07012011|959,62|1|||799,68|1||||799,68|95,96||||||||
|C170|1|030363||2,00000|PC|799,68||0|000|2102||799,68|12,00|95,96|0||0||||||||||||||||||||
|C190|000|2102|12,00|959,62|799,68|95,96|0|0|0|0||
|C100|0|1|800006983|55|00|1|000028574|26110159105999006036550010000285740913245614|04012011|07012011|6168,96|1|||5140,80|1||||5140,80|616,90||||||||
|C170|1|030363||9,00000|PC|5140,80||0|000|2102||5140,80|12,00|616,90|0||0||||||||||||||||||||
|C190|000|2102|12,00|6168,96|5140,80|616,90|0|0|0|0||
|C100|0|1|800006983|55|00|1|000028573|26110159105999006036550010000285730360617427|04012011|07012011|7066,87|1|||6145,10|1||||6145,10|737,41||||||||
|C170|1|040053||10,00000|PC|6145,10||0|000|2102||6145,10|12,00|737,41|0||0||||||||||||||||||||
|C190|000|2102|12,00|7066,87|6145,10|737,41|0|0|0|0||
|C100|0|1|800008028|55|00|1|000268292|35101259105999000348550010002682921406284804|28122010|13012011|14583,88|1|||12681,63|1||||12681,63|887,71||||||||
|C170|1|030543||5,00000|PC|1858,50||0|000|2102||1858,50|7,00|130,09|0||0||||||||||||||||||||
|C170|2|030553||10,00000|PC|5303,60||0|000|2102||5303,60|7,00|371,25|0||0||||||||||||||||||||
|C170|3|031120||3,00000|PC|1369,44||0|000|2102||1369,44|7,00|95,86|0||0||||||||||||||||||||
|C170|4|031130||7,00000|PC|4150,09||0|000|2102||4150,09|7,00|290,51|0||0||||||||||||||||||||
|C190|000|2102|7,00|14583,88|12681,63|887,71|0|0|0|0||
|C100|0|1|800006991|55|00|1|000097954|13101263699839000180550010000979541598867887|16122010|13012011|2386,96|1|||2321,60|1|65,36|||2386,96|286,44||||||||
|C170|1|040250||4,00000|PC|2321,60||0|000|2102||2386,96|12,00|286,44|0||0||||||||||||||||||||
|C190|000|2102|12,00|2386,96|2386,96|286,44|0|0|0|0||
|C100|0|1|800006990|55|00|2|000027116|13101204403408000165550020000271161628709037|28122010|14012011|26332,10|1|||26332,10|1||||26332,10|3159,85||||||||
|C170|1|TC-L32C20B||20,00000|PEC|19369,80||0|000|2102||19369,80|12,00|2324,38|0||0||||||||||||||||||||
|C170|2|TC-L42S20B||5,00000|PEC|6962,30||0|000|2102||6962,30|12,00|835,48|0||0||||||||||||||||||||
|C190|000|2102|12,00|26332,10|26332,10|3159,85|0|0|0|0||
|C100|0|1|800006986|55|00|1|000433554|42110159105999003959550010004335541377478278|03012011|14012011|5123,02|1|||4454,80|1||||4454,80|311,84||||||||
|C170|1|040440||20,00000|PC|4454,80||0|000|2102||4454,80|7,00|311,84|0||0||||||||||||||||||||
|C190|000|2102|7,00|5123,02|4454,80|311,84|0|0|0|0||
|C100|0|1|800006986|55|00|1|000433555|42110159105999003959550010004335551665149552|03012011|14012011|5928,02|1|||5154,80|1||||5154,80|360,84||||||||
|C170|1|040173||10,00000|PC|5154,80||0|000|2102||5154,80|7,00|360,84|0||0||||||||||||||||||||
|C190|000|2102|7,00|5928,02|5154,80|360,84|0|0|0|0||
|C100|0|1|800006992|55|00|1|000059155|35101204403408000912550010000591551726482518|06122010|06012011|9626,67|1|||8371,02|1||||8371,02|585,97||||||||
|C170|1|180910||3,00000|PEC|8371,02||0|000|2102||8371,02|7,00|585,97|0||0||||||||||||||||||||
|C190|000|2102|7,00|9626,67|8371,02|585,97|0|0|0|0||
|C100|0|1|800006992|55|00|1|000059156|35101204403408000912550010000591561726498187|06122010|06012011|8182,68|1|||7115,37|1||||7115,37|498,08||||||||
|C170|1|180910||3,00000|PEC|7115,37||0|000|2102||7115,37|7,00|498,08|0||0||||||||||||||||||||
|C190|000|2102|7,00|8182,68|7115,37|498,08|0|0|0|0||
|C100|0|1|800008028|55|00|1|000272315|35110159105999000348550010002723151835713918|05012011|20012011|10909,60|1|||10490,00|1||||10490,00|734,30||||||||
|C170|1|031160||10,00000|PC|10490,00||0|000|2102||10490,00|7,00|734,30|0||0||||||||||||||||||||
|C190|000|2102|7,00|10909,60|10490,00|734,30|0|0|0|0||
|C100|0|1|800008028|55|00|1|000275345|35110159105999000348550010002753451406598834|11012011|17012011|13139,82|1|||12634,44|1||||12634,44|884,41||||||||
|C170|1|031073||3,00000|PC|2920,20||0|000|2102||2920,20|7,00|204,41|0||0||||||||||||||||||||
|C170|2|031170||9,00000|PC|9714,24||0|000|2102||9714,24|7,00|680,00|0||0||||||||||||||||||||
|C190|000|2102|7,00|13139,82|12634,44|884,41|0|0|0|0||
|C100|0|1|800006983|55|00|1|000029307|26110159105999006036550010000293070502730277|14012011|20012011|685,44|1|||571,20|1||||571,20|68,54||||||||
|C170|1|030363||1,00000|PC|571,20||0|000|2102||571,20|12,00|68,54|0||0||||||||||||||||||||
|C190|000|2102|12,00|685,44|571,20|68,54|0|0|0|0||
|C100|0|1|800006983|55|00|1|000029255|26110159105999006036550010000292550091200530|13012011|20012011|16807,92|1|||14006,60|1||||14006,60|1680,79||||||||
|C170|1|030383||20,00000|PC|14006,60||0|000|2102||14006,60|12,00|1680,79|0||0||||||||||||||||||||
|C190|000|2102|12,00|16807,92|14006,60|1680,79|0|0|0|0||
|C100|0|1|800006983|55|00|1|000029262|26110159105999006036550010000292620128149775|13012011|20012011|14754,89|1|||12295,74|1||||12295,74|1475,49||||||||
|C170|1|030373||18,00000|PC|11408,40||0|000|2102||11408,40|12,00|1369,01|0||0||||||||||||||||||||
|C170|2|030373||2,00000|PC|887,34||0|000|2102||887,34|12,00|106,48|0||0||||||||||||||||||||
|C190|000|2102|12,00|14754,89|12295,74|1475,49|0|0|0|0||
|C100|0|1|800006996|55|00|2|000008429|35110102169801000100550020000084293971769065|12012011|31012011|1290,13|1|||1168,10|1||||1168,10|81,77||||||||
|C170|1|520390||1,00000|PC|55,88||0|000|2102||55,88|7,00|3,91|0||0||||||||||||||||||||
|C170|2|520440||1,00000|PC|27,28||0|000|2102||27,28|7,00|1,91|0||0||||||||||||||||||||
|C170|3|520740||1,00000|PC|61,20||0|000|2102||61,20|7,00|4,28|0||0||||||||||||||||||||
|C170|4|520741||10,00000|PC|517,50||0|000|2102||517,50|7,00|36,23|0||0||||||||||||||||||||
|C170|5|520211||4,00000|PC|162,60||0|000|2102||162,60|7,00|11,38|0||0||||||||||||||||||||
|C170|6|520151||4,00000|PC|91,64||0|000|2102||91,64|7,00|6,41|0||0||||||||||||||||||||
|C170|7|520212||4,00000|PC|82,80||0|000|2102||82,80|7,00|5,80|0||0||||||||||||||||||||
|C170|8|520020||4,00000|PC|64,80||0|000|2102||64,80|7,00|4,54|0||0||||||||||||||||||||
|C170|9|520264||2,00000|PC|104,40||0|000|2102||104,40|7,00|7,31|0||0||||||||||||||||||||
|C190|000|2102|7,00|1290,13|1168,10|81,77|0|0|0|0||
|C100|0|1|800008028|55|00|1|000276460|35110159105999000348550010002764601479210522|12012011|25012011|7086,42|1|||6813,87|1||||6813,87|476,97||||||||
|C170|1|031073||7,00000|PC|6813,87||0|000|2102||6813,87|7,00|476,97|0||0||||||||||||||||||||
|C190|000|2102|7,00|7086,42|6813,87|476,97|0|0|0|0||
|C100|0|1|800008028|55|00|1|000275918|35110159105999000348550010002759181784481835|12012011|27012011|1122,53|1|||1079,36|1||||1079,36|75,56||||||||
|C170|1|031170||1,00000|PC|1079,36||0|000|2102||1079,36|7,00|75,56|0||0||||||||||||||||||||
|C190|000|2102|7,00|1122,53|1079,36|75,56|0|0|0|0||
|C100|0|1|800006991|55|00|1|000097342|13101263699839000180550010000973421076141708|15122010|27012011|2187,90|1|||2138,88|1|49,02|||2187,90|262,55||||||||
|C170|1|040290||3,00000|PC|2138,88||0|000|2102||2187,90|12,00|262,55|0||0||||||||||||||||||||
|C190|000|2102|12,00|2187,90|2187,90|262,55|0|0|0|0||
|C100|0|1|800006986|55|00|1|000446942|42110159105999003959550010004469421714486104|17012011|28012011|4253,64|1|||3698,82|1||||3698,82|258,92||||||||
|C170|1|030960||9,00000|PC|3698,82||0|000|2102||3698,82|7,00|258,92|0||0||||||||||||||||||||
|C190|000|2102|7,00|4253,64|3698,82|258,92|0|0|0|0||
|C100|0|1|800006995|55|00|1|000003380|35110100902927000117550010000033808152630492|13012011|31012011|1450,80|1|||1326,20|1||||0|0||||||||
|C170|1|950090||48,00000|PC|257,76||0|260|2102|||||0||0||||||||||||||||||||
|C170|2|950061||4,00000|PC|121,72||0|260|2102|||||0||0||||||||||||||||||||
|C170|3|950062||12,00000|PC|50,04||0|260|2102|||||0||0||||||||||||||||||||
|C170|4|950063||12,00000|PC|68,88||0|260|2102|||||0||0||||||||||||||||||||
|C170|5|950064||8,00000|PC|54,24||0|260|2102|||||0||0||||||||||||||||||||
|C170|6|950071||12,00000|PC|108,00||0|260|2102|||||0||0||||||||||||||||||||
|C170|7|950010||12,00000|PC|605,40||0|260|2102|||||0||0||||||||||||||||||||
|C170|8|950072||4,00000|PC|60,16||0|260|2102|||||0||0||||||||||||||||||||
|C190|260|2102||1450,80|0|0|0|0|0|0||
|C100|0|1|800006991|55|00|1|000104304|13110163699839000180550010001043041217174055|12012011|27012011|1246,40|1|||1145,58|1|100,82|||1246,40|149,57||||||||
|C170|1|040520||2,00000|PC|523,40||0|000|2102||556,08|12,00|66,73|0||0||||||||||||||||||||
|C170|2|040520||2,00000|PC|622,18||0|000|2102||690,32|12,00|82,84|0||0||||||||||||||||||||
|C190|000|2102|12,00|1246,40|1246,40|149,57|0|0|0|0||
|C100|0|1|800006991|55|00|1|000104305|13110163699839000180550010001043051030421110|12012011|27012011|8686,90|1|||8182,80|1|504,10|||8686,90|1042,43||||||||
|C170|1|040520||10,00000|PC|3738,60||0|000|2102||3902,00|12,00|468,24|0||0||||||||||||||||||||
|C170|2|040520||10,00000|PC|4444,20||0|000|2102||4784,90|12,00|574,19|0||0||||||||||||||||||||
|C190|000|2102|12,00|8686,90|8686,90|1042,43|0|0|0|0||
|C100|0|1|800008026|01|00|1|0008248||04012011|04012011|73,76|9|||73,76|9||||73,76|12,54||||||||
|C170|1|330090||1,00000|UN|73,76||0|000|1152||73,76|17,00|12,54|0||0||||||||||||||||||||
|C190|000|1152|17,00|73,76|73,76|12,54|0|0|0|0||
|C100|0|1|800008026|01|00|1|0008249||04012011|04012011|269,46|9|||269,46|9||||269,46|45,81||||||||
|C170|1|501590||1,00000|UN|45,40||0|000|1152||45,40|17,00|7,72|0||0||||||||||||||||||||
|C170|2|502201||1,00000|UN|37,77||0|000|1152||37,77|17,00|6,42|0||0||||||||||||||||||||
|C170|3|290220||1,00000|UN|48,31||0|000|1152||48,31|17,00|8,21|0||0||||||||||||||||||||
|C170|4|090240||1,00000|UN|34,93||0|000|1152||34,93|17,00|5,94|0||0||||||||||||||||||||
|C170|5|090310||1,00000|UN|103,05||0|000|1152||103,05|17,00|17,52|0||0||||||||||||||||||||
|C190|000|1152|17,00|269,46|269,46|45,81|0|0|0|0||
|C100|0|1|800008026|01|00|1|0008250||04012011|04012011|845,46|9|||845,46|9||||845,46|143,73||||||||
|C170|1|040103||1,00000|UN|845,46||0|000|1152||845,46|17,00|143,73|0||0||||||||||||||||||||
|C190|000|1152|17,00|845,46|845,46|143,73|0|0|0|0||
|C100|0|1|800008026|01|00|1|0008251||07012011|07012011|490,67|9|||490,67|9||||490,67|83,41||||||||
|C170|1|040440||1,00000|UN|253,28||0|000|1152||253,28|17,00|43,06|0||0||||||||||||||||||||
|C170|2|330150||1,00000|UN|237,39||0|000|1152||237,39|17,00|40,36|0||0||||||||||||||||||||
|C190|000|1152|17,00|490,67|490,67|83,41|0|0|0|0||
|C100|0|1|800008026|01|00|1|0008252||07012011|07012011|135,96|9|||135,96|9||||135,96|23,11||||||||
|C170|1|820080||4,00000|UN|15,88||0|000|1152||15,88|17,00|2,70|0||0||||||||||||||||||||
|C170|2|900690||1,00000|UN|41,32||0|000|1152||41,32|17,00|7,02|0||0||||||||||||||||||||
|C170|3|500571||1,00000|UN|30,14||0|000|1152||30,14|17,00|5,12|0||0||||||||||||||||||||
|C170|4|101420||11,00000|UN|48,62||0|000|1152||48,62|17,00|8,27|0||0||||||||||||||||||||
|C190|000|1152|17,00|135,96|135,96|23,11|0|0|0|0||
|C100|0|1|800008026|01|00|1|0008255||07012011|07012011|113,86|9|||113,86|9||||113,86|19,36||||||||
|C170|1|180280||1,00000|UN|39,12||0|000|1152||39,12|17,00|6,65|0||0||||||||||||||||||||
|C170|2|090240||1,00000|UN|34,93||0|000|1152||34,93|17,00|5,94|0||0||||||||||||||||||||
|C170|3|902430||1,00000|UN|39,81||0|000|1152||39,81|17,00|6,77|0||0||||||||||||||||||||
|C190|000|1152|17,00|113,86|113,86|19,36|0|0|0|0||
|C100|0|1|800008026|01|00|1|0008257||07012011|07012011|147,32|9|||147,32|9||||105,98|18,02||||||||
|C170|1|710280||1,00000|UN|41,34||0|041|1152|||||0||0||||||||||||||||||||
|C170|2|680690||1,00000|UN|12,32||0|000|1152||12,32|17,00|2,09|0||0||||||||||||||||||||
|C170|3|330020||1,00000|UN|60,96||0|000|1152||60,96|17,00|10,36|0||0||||||||||||||||||||
|C170|4|290190||1,00000|UN|32,70||0|000|1152||32,70|17,00|5,56|0||0||||||||||||||||||||
|C190|000|1152|17,00|105,98|105,98|18,02|0|0|0|0||
|C190|041|1152||41,34|0|0|0|0|0|0||
|C100|0|1|800008026|01|00|1|0008259||07012011|07012011|154,89|9|||154,89|9||||154,89|26,33||||||||
|C170|1|502190||1,00000|UN|26,20||0|000|1152||26,20|17,00|4,45|0||0||||||||||||||||||||
|C170|2|520200||1,00000|UN|128,69||0|000|1152||128,69|17,00|21,88|0||0||||||||||||||||||||
|C190|000|1152|17,00|154,89|154,89|26,33|0|0|0|0||
|C100|0|1|800008026|01|00|1|0008260||07012011|07012011|11,10|9|||11,10|9||||11,10|1,89||||||||
|C170|1|101330||4,00000|UN|11,10||0|000|1152||11,10|17,00|1,89|0||0||||||||||||||||||||
|C190|000|1152|17,00|11,10|11,10|1,89|0|0|0|0||
|C100|0|1|800008026|01|00|1|0008261||08012011|08012011|389,57|9|||389,57|9||||389,57|66,23||||||||
|C170|1|200360||1,00000|UN|132,00||0|000|1152||132,00|17,00|22,44|0||0||||||||||||||||||||
|C170|2|150420||1,00000|UN|58,82||0|000|1152||58,82|17,00|10,00|0||0||||||||||||||||||||
|C170|3|180263||1,00000|UN|148,72||0|000|1152||148,72|17,00|25,28|0||0||||||||||||||||||||
|C170|4|101330||7,00000|UN|29,05||0|000|1152||29,05|17,00|4,94|0||0||||||||||||||||||||
|C170|5|660680||1,00000|UN|3,50||0|000|1152||3,50|17,00|0,59|0||0||||||||||||||||||||
|C170|6|660700||4,00000|UN|17,48||0|000|1152||17,48|17,00|2,97|0||0||||||||||||||||||||
|C190|000|1152|17,00|389,57|389,57|66,23|0|0|0|0||
|C100|0|1|800008026|01|00|1|0008263||08012011|08012011|170,03|9|||170,03|9||||170,03|28,91||||||||
|C170|1|180260||1,00000|UN|170,03||0|000|1152||170,03|17,00|28,91|0||0||||||||||||||||||||
|C190|000|1152|17,00|170,03|170,03|28,91|0|0|0|0||
|C100|0|1|800008026|01|00|1|0008266||10012011|10012011|21,52|9|||21,52|9||||21,52|3,66||||||||
|C170|1|501480||2,00000|UN|21,52||0|000|1152||21,52|17,00|3,66|0||0||||||||||||||||||||
|C190|000|1152|17,00|21,52|21,52|3,66|0|0|0|0||
|C100|0|1|800008026|01|00|1|0008267||10012011|10012011|816,85|9|||816,85|9||||816,85|138,86||||||||
|C170|1|030383||1,00000|UN|816,85||0|000|1152||816,85|17,00|138,86|0||0||||||||||||||||||||
|C190|000|1152|17,00|816,85|816,85|138,86|0|0|0|0||
|C100|0|1|800008026|01|00|1|0008272||11012011|11012011|170,03|9|||170,03|9||||170,03|28,91||||||||
|C170|1|180260||1,00000|UN|170,03||0|000|1152||170,03|17,00|28,91|0||0||||||||||||||||||||
|C190|000|1152|17,00|170,03|170,03|28,91|0|0|0|0||
|C100|0|1|800008026|01|00|1|0008274||11012011|11012011|1916,76|9|||1916,76|9||||1916,76|325,85||||||||
|C170|1|030093||1,00000|UN|1398,36||0|000|1152||1398,36|17,00|237,72|0||0||||||||||||||||||||
|C170|2|090310||2,00000|UN|206,10||0|000|1152||206,10|17,00|35,04|0||0||||||||||||||||||||
|C170|3|101350||10,00000|UN|45,20||0|000|1152||45,20|17,00|7,68|0||0||||||||||||||||||||
|C170|4|910790||1,00000|UN|186,69||0|000|1152||186,69|17,00|31,74|0||0||||||||||||||||||||
|C170|5|500690||5,00000|UN|69,65||0|000|1152||69,65|17,00|11,84|0||0||||||||||||||||||||
|C170|6|501480||1,00000|UN|10,76||0|000|1152||10,76|17,00|1,83|0||0||||||||||||||||||||
|C190|000|1152|17,00|1916,76|1916,76|325,85|0|0|0|0||
|C100|0|1|800008026|01|00|1|0008277||12012011|12012011|51,38|9|||51,38|9||||51,38|8,73||||||||
|C170|1|950300||1,00000|UN|51,38||0|000|1152||51,38|17,00|8,73|0||0||||||||||||||||||||
|C190|000|1152|17,00|51,38|51,38|8,73|0|0|0|0||
|C100|0|1|800008026|01|00|1|0008279||13012011|13012011|801,66|9|||801,66|9||||801,66|136,28||||||||
|C170|1|030373||1,00000|UN|801,66||0|000|1152||801,66|17,00|136,28|0||0||||||||||||||||||||
|C190|000|1152|17,00|801,66|801,66|136,28|0|0|0|0||
|C100|0|1|800008026|01|00|1|0008280||14012011|14012011|156,65|9|||156,65|9||||156,65|26,63||||||||
|C170|1|031240||1,00000|UN|156,65||0|000|1152||156,65|17,00|26,63|0||0||||||||||||||||||||
|C190|000|1152|17,00|156,65|156,65|26,63|0|0|0|0||
|C100|0|1|800008026|01|00|1|0008283||15012011|15012011|1235,17|9|||1235,17|9||||1235,17|209,98||||||||
|C170|1|051060||1,00000|UN|358,17||0|000|1152||358,17|17,00|60,89|0||0||||||||||||||||||||
|C170|2|051323||1,00000|UN|773,95||0|000|1152||773,95|17,00|131,57|0||0||||||||||||||||||||
|C170|3|090310||1,00000|UN|103,05||0|000|1152||103,05|17,00|17,52|0||0||||||||||||||||||||
|C190|000|1152|17,00|1235,17|1235,17|209,98|0|0|0|0||
|C100|0|1|800008026|01|00|1|0008287||15012011|15012011|556,22|9|||556,22|9||||556,22|94,56||||||||
|C170|1|330030||1,00000|UN|76,05||0|000|1152||76,05|17,00|12,93|0||0||||||||||||||||||||
|C170|2|330240||1,00000|UN|43,21||0|000|1152||43,21|17,00|7,35|0||0||||||||||||||||||||
|C170|3|330250||1,00000|UN|58,97||0|000|1152||58,97|17,00|10,02|0||0||||||||||||||||||||
|C170|4|090220||1,00000|UN|77,86||0|000|1152||77,86|17,00|13,24|0||0||||||||||||||||||||
|C170|5|330050||1,00000|UN|27,29||0|000|1152||27,29|17,00|4,64|0||0||||||||||||||||||||
|C170|6|120090||1,00000|UN|42,35||0|000|1152||42,35|17,00|7,20|0||0||||||||||||||||||||
|C170|7|702210||1,00000|UN|77,41||0|000|1152||77,41|17,00|13,16|0||0||||||||||||||||||||
|C170|8|910782||1,00000|UN|32,55||0|000|1152||32,55|17,00|5,53|0||0||||||||||||||||||||
|C170|9|502201||1,00000|UN|31,14||0|000|1152||31,14|17,00|5,29|0||0||||||||||||||||||||
|C170|10|840980||1,00000|UN|32,23||0|000|1152||32,23|17,00|5,48|0||0||||||||||||||||||||
|C170|11|900361||1,00000|UN|57,16||0|000|1152||57,16|17,00|9,72|0||0||||||||||||||||||||
|C190|000|1152|17,00|556,22|556,22|94,56|0|0|0|0||
|C100|0|1|800008026|01|00|1|0008289||17012011|17012011|187,65|9|||187,65|9||||146,31|24,87||||||||
|C170|1|500561||1,00000|UN|9,55||0|000|1152||9,55|17,00|1,62|0||0||||||||||||||||||||
|C170|2|500482||1,00000|UN|9,60||0|000|1152||9,60|17,00|1,63|0||0||||||||||||||||||||
|C170|3|500560||3,00000|UN|34,77||0|000|1152||34,77|17,00|5,91|0||0||||||||||||||||||||
|C170|4|970270||1,00000|UN|70,57||0|000|1152||70,57|17,00|12,00|0||0||||||||||||||||||||
|C170|5|710280||1,00000|UN|41,34||0|041|1152|||||0||0||||||||||||||||||||
|C170|6|900840||1,00000|UN|21,82||0|000|1152||21,82|17,00|3,71|0||0||||||||||||||||||||
|C190|000|1152|17,00|146,31|146,31|24,87|0|0|0|0||
|C190|041|1152||41,34|0|0|0|0|0|0||
|C100|0|1|800008026|01|00|1|0008291||17012011|17012011|194,76|9|||194,76|9||||194,76|33,11||||||||
|C170|1|702100||1,00000|UN|22,63||0|000|1152||22,63|17,00|3,85|0||0||||||||||||||||||||
|C170|2|290190||1,00000|UN|32,70||0|000|1152||32,70|17,00|5,56|0||0||||||||||||||||||||
|C170|3|890550||1,00000|UN|60,96||0|000|1152||60,96|17,00|10,36|0||0||||||||||||||||||||
|C170|4|330020||1,00000|UN|60,96||0|000|1152||60,96|17,00|10,36|0||0||||||||||||||||||||
|C170|5|500111||1,00000|UN|17,51||0|000|1152||17,51|17,00|2,98|0||0||||||||||||||||||||
|C190|000|1152|17,00|194,76|194,76|33,11|0|0|0|0||
|C100|0|1|800008026|01|00|1|0008295||19012011|19012011|268,74|9|||268,74|9||||0|0||||||||
|C170|1|180900||2,00000|UN|268,74||0|041|1152|||||0||0||||||||||||||||||||
|C190|041|1152||268,74|0|0|0|0|0|0||
|C100|0|1|800008026|01|00|1|0008297||19012011|19012011|124,50|9|||124,50|9||||124,50|21,17||||||||
|C170|1|702230||1,00000|UN|124,50||0|000|1152||124,50|17,00|21,16|0||0||||||||||||||||||||
|C190|000|1152|17,00|124,50|124,50|21,17|0|0|0|0||
|C100|0|1|800008026|01|00|1|0008299||20012011|20012011|9694,88|9|||9694,88|9||||9694,88|1648,13||||||||
|C170|1|250480||1,00000|UN|956,92||0|000|1152||956,92|17,00|162,68|0||0||||||||||||||||||||
|C170|2|902110||1,00000|UN|544,89||0|000|1152||544,89|17,00|92,63|0||0||||||||||||||||||||
|C170|3|180550||1,00000|UN|319,26||0|000|1152||319,26|17,00|54,27|0||0||||||||||||||||||||
|C170|4|180790||1,00000|UN|1225,36||0|000|1152||1225,36|17,00|208,31|0||0||||||||||||||||||||
|C170|5|050553||1,00000|UN|398,00||0|000|1152||398,00|17,00|67,66|0||0||||||||||||||||||||
|C170|6|030343||1,00000|UN|1916,79||0|000|1152||1916,79|17,00|325,85|0||0||||||||||||||||||||
|C170|7|030363||1,00000|UN|660,50||0|000|1152||660,50|17,00|112,28|0||0||||||||||||||||||||
|C170|8|100200||1,00000|UN|248,32||0|000|1152||248,32|17,00|42,21|0||0||||||||||||||||||||
|C170|9|040423||1,00000|UN|471,65||0|000|1152||471,65|17,00|80,18|0||0||||||||||||||||||||
|C170|10|030870||1,00000|UN|2953,19||0|000|1152||2953,19|17,00|502,04|0||0||||||||||||||||||||
|C190|000|1152|17,00|9694,88|9694,88|1648,13|0|0|0|0||
|C100|0|1|800008026|01|00|1|0008301||20012011|20012011|403,35|9|||403,35|9||||403,35|68,57||||||||
|C170|1|910784||1,00000|UN|32,55||0|000|1152||32,55|17,00|5,53|0||0||||||||||||||||||||
|C170|2|150070||1,00000|UN|33,66||0|000|1152||33,66|17,00|5,72|0||0||||||||||||||||||||
|C170|3|500083||1,00000|UN|18,04||0|000|1152||18,04|17,00|3,07|0||0||||||||||||||||||||
|C170|4|761380||1,00000|UN|17,97||0|000|1152||17,97|17,00|3,05|0||0||||||||||||||||||||
|C170|5|680690||1,00000|UN|12,32||0|000|1152||12,32|17,00|2,09|0||0||||||||||||||||||||
|C170|6|290060||1,00000|UN|149,84||0|000|1152||149,84|17,00|25,47|0||0||||||||||||||||||||
|C170|7|330240||1,00000|UN|43,21||0|000|1152||43,21|17,00|7,35|0||0||||||||||||||||||||
|C170|8|150050||1,00000|UN|34,41||0|000|1152||34,41|17,00|5,85|0||0||||||||||||||||||||
|C170|9|120140||1,00000|UN|23,81||0|000|1152||23,81|17,00|4,05|0||0||||||||||||||||||||
|C170|10|500081||1,00000|UN|24,06||0|000|1152||24,06|17,00|4,09|0||0||||||||||||||||||||
|C170|11|970550||1,00000|UN|13,48||0|000|1152||13,48|17,00|2,29|0||0||||||||||||||||||||
|C190|000|1152|17,00|403,35|403,35|68,57|0|0|0|0||
|C100|0|1|800006998|55|00|1|000000006|23110109573964000101550010000000060020030200|06012011|06012011|1050,00|0|145,00||1195,00|1||||1050,00|178,50||||||||
|C170|1|1201||50,00000|UM|1195,00|145,00|0|000|1102||1050,00|17,00|178,50|0||0||||||||||||||||||||
|C190|000|1102|17,00|1050,00|1050,00|178,50|0|0|0|0||
|C100|0|1|800006986|55|00|1|000426762|42101259105999003959550010004267621504420335|24122010|01012011|4326,02|1|||3761,76|1||||3761,76|263,32||||||||
|C170|1|030850||3,00000|PC|3761,76||0|000|2102||3761,76|7,00|263,32|0||0||||||||||||||||||||
|C190|000|2102|7,00|4326,02|3761,76|263,32|0|0|0|0||
|C100|0|1|6469|55|00|1|000015885|23110107270366000634550010000158859999841147|21012011|21012011|859,90|1|||859,90|9||||0|0||||||||
|C170|1|10000||1,00000|UN|859,90||0|090|1556|||||0||0||||||||||||||||||||
|C190|090|1556||859,90|0|0|0|0|0|0||
|C100|0|1|800009988|55|00|1|000000244|43110104150738000196550010000002440040983600|10012011|10012011|1955,00|1|||1955,00|9||||0|0||||||||
|C170|1|10000||1,00000|UN|1955,00||0|090|2556|||||0||0||||||||||||||||||||
|C190|090|2556||1955,00|0|0|0|0|0|0||
|C100|0|1|800007047|55|00|55|000021412|35110101490698000800550550000214121106729260|12012011|12012011|11,00|0|||11,00|9||||0|0||||||||
|C170|1|10000||1,00000|UN|11,00||0|090|2556|||||0||0||||||||||||||||||||
|C190|090|2556||11,00|0|0|0|0|0|0||
|C400|2D|ECF|GEXNJ20000|2|
|C405|03012011|1|1193|24078|9820294,29|8542|
|C420|01T1700|8293|1||
|C425|710410|1|UN|12|0,08|0,36|
|C425|650720|1|UN|10|0,07|0,3|
|C425|180263|1|UN|259|1,68|7,77|
|C425|290180|1|UN|49|0,32|1,47|
|C425|902270|1|UN|119|0,77|3,57|
|C425|050683|1|UN|790|5,14|23,7|
|C425|812740|1|UN|29|0,19|0,87|
|C425|820500|1|UN|15|0,1|0,45|
|C425|902680|1|UN|12|0,08|0,36|
|C425|700242|1|UN|12|0,08|0,36|
|C425|900201|1|UN|15|0,1|0,45|
|C425|500571|1|UN|59|0,38|1,77|
|C425|900631|2|UN|8|0,06|0,24|
|C425|900632|6|UN|24|0,16|0,72|
|C425|950211|1|UN|6|0,04|0,18|
|C425|830070|1|UN|20|0,13|0,6|
|C425|100200|2|UN|798|5,19|23,94|
|C425|701810|1|UN|16|0,1|0,48|
|C425|100210|2|UN|759|4,93|22,77|
|C425|120090|1|UN|69|0,45|2,07|
|C425|180203|1|UN|393|2,55|11,79|
|C425|502371|1|UN|7|0,05|0,21|
|C425|700590|1|UN|10|0,07|0,3|
|C425|701390|1|UN|16|0,1|0,48|
|C425|701410|1|UN|19|0,12|0,57|
|C425|702240|1|UN|14|0,09|0,42|
|C425|812930|1|UN|14|0,09|0,42|
|C425|702150|1|UN|10|0,07|0,3|
|C425|900692|1|UN|119|0,77|3,57|
|C425|950120|2|UN|98|0,64|2,94|
|C425|030093|2|UN|4499|29,24|134,97|
|C425|700970|1|UN|13|0,08|0,39|
|C420|N1|249|||
|C425|180900|1|UN|249|1,62|7,47|
|C490|000|5102|17|8293|8293|1409,81||
|C490|041|5102|0|249|0|0||
|C405|04012011|1|1194|24098|9825303,29|5009|
|C420|01T1700|4966|1||
|C425|710410|1|UN|12|0,08|0,36|
|C425|900120|1|UN|17|0,11|0,51|
|C425|040453|1|UN|292|1,9|8,76|
|C425|111120|1|UN|79|0,51|2,37|
|C425|820540|1|UN|29|0,19|0,87|
|C425|902941|1|UN|10|0,07|0,3|
|C425|532450|1|UN|55|0,36|1,65|
|C425|532460|2|UN|98|0,64|2,94|
|C425|902130|1|UN|45|0,29|1,35|
|C425|051070|1|UN|495|3,22|14,85|
|C425|520261|1|UN|119|0,77|3,57|
|C425|900212|1|UN|8|0,05|0,24|
|C425|103280|1|UN|10|0,07|0,3|
|C425|103310|1|UN|10|0,07|0,3|
|C425|500481|1|UN|19|0,12|0,57|
|C425|500613|1|UN|14|0,09|0,42|
|C425|900631|3|UN|12|0,08|0,36|
|C425|900632|3|UN|12|0,08|0,36|
|C425|031240|1|UN|259|1,68|7,77|
|C425|040123|1|UN|707|4,6|21,21|
|C425|040173|1|UN|999|6,49|29,97|
|C425|100210|1|UN|379|2,46|11,37|
|C425|180920|1|UN|69|0,45|2,07|
|C425|500611|1|UN|7|0,05|0,21|
|C425|501850|1|UN|25|0,16|0,75|
|C425|520280|2|UN|38|0,25|1,14|
|C425|701750|1|UN|29|0,19|0,87|
|C425|700640|1|UN|5|0,03|0,15|
|C425|103320|1|UN|10|0,07|0,3|
|C425|700970|1|UN|14|0,09|0,42|
|C425|810880|1|UN|12|0,08|0,36|
|C425|050840|1|UN|599|3,89|17,97|
|C425|500340|1|UN|5|0,03|0,15|
|C425|501110|1|UN|289|1,88|8,67|
|C425|901610|8|UN|184|1,2|5,52|
|C420|N1|43|||
|C425|940390|1|UN|29|0,19|0,87|
|C425|940430|1|UN|14|0,09|0,42|
|C490|000|5102|17|4966|4966|844,22||
|C490|041|5102|0|43|0|0||
|C405|05012011|1|1195|24116|9830551,29|5248|
|C420|01T1700|5248|1||
|C425|502330|2|UN|12|0,08|0,36|
|C425|902270|1|UN|119|0,77|3,57|
|C425|030880|1|UN|2899|18,84|86,97|
|C425|531670|1|UN|14|0,09|0,42|
|C425|910010|1|UN|39|0,25|1,17|
|C425|500390|1|UN|55|0,36|1,65|
|C425|901980|3|UN|36|0,23|1,08|
|C425|700830|1|UN|25|0,16|0,75|
|C425|101310|18|UN|234|1,52|7,02|
|C425|101340|6|UN|60|0,39|1,8|
|C425|820080|1|UN|10|0,07|0,3|
|C425|101330|18|UN|180|1,17|5,4|
|C425|841060|1|UN|35|0,23|1,05|
|C425|900920|1|UN|29|0,19|0,87|
|C425|901712|1|UN|32|0,21|0,96|
|C425|910840|2|UN|110|0,72|3,3|
|C425|900632|1|UN|4|0,03|0,12|
|C425|950211|2|UN|12|0,08|0,36|
|C425|640400|1|UN|70|0,46|2,1|
|C425|100210|1|UN|379|2,46|11,37|
|C425|702160|1|UN|17|0,11|0,51|
|C425|101510|2|UN|26|0,17|0,78|
|C425|120080|1|UN|139|0,9|4,17|
|C425|330050|1|UN|49|0,32|1,47|
|C425|502371|1|UN|7|0,05|0,21|
|C425|700950|1|UN|19|0,12|0,57|
|C425|701760|1|UN|15|0,1|0,45|
|C425|813370|1|UN|15|0,1|0,45|
|C425|901080|1|UN|39|0,25|1,17|
|C425|101320|12|UN|108|0,7|3,24|
|C425|500380|1|UN|47|0,31|1,41|
|C425|700970|1|UN|13|0,08|0,39|
|C425|660141|1|UN|29|0,19|0,87|
|C425|902680|1|UN|12|0,08|0,36|
|C425|811610|1|UN|6|0,04|0,18|
|C425|500111|1|UN|35|0,23|1,05|
|C425|501110|1|UN|289|1,88|8,67|
|C425|950261|1|UN|29|0,19|0,87|
|C490|000|5102|17|5248|5248|892,16||
|C405|06012011|1|1196|24137|9834295,29|3744|
|C420|N1|6|||
|C425|980220|1|UN|6|0,04|0,18|
|C420|02T1700|3738|2||
|C425|820120|1|UN|4|0,03|0,12|
|C425|820610|1|UN|10|0,07|0,3|
|C425|850050|1|UN|55|0,36|1,65|
|C425|090270|1|UN|69|0,45|2,07|
|C425|700270|2|UN|18|0,12|0,54|
|C425|910790|1|UN|369|2,4|11,07|
|C425|760061|1|UN|119|0,77|3,57|
|C425|900212|1|UN|8|0,05|0,24|
|C425|500613|1|UN|14|0,09|0,42|
|C425|850280|1|UN|39|0,25|1,17|
|C425|900631|2|UN|8|0,06|0,24|
|C425|900632|2|UN|8|0,06|0,24|
|C425|040280|1|UN|640|4,16|19,2|
|C425|890390|1|UN|899|5,84|26,97|
|C425|040340|1|UN|744|4,84|22,32|
|C425|500611|1|UN|7|0,05|0,21|
|C425|501850|1|UN|25|0,16|0,75|
|C425|701750|1|UN|29|0,19|0,87|
|C425|740300|1|UN|6|0,04|0,18|
|C425|700640|1|UN|5|0,03|0,15|
|C425|910785|2|UN|138|0,9|4,14|
|C425|100220|1|UN|389|2,53|11,67|
|C425|810880|1|UN|12|0,08|0,36|
|C425|570040|2|UN|118|0,77|3,54|
|C425|500340|1|UN|5|0,03|0,15|
|C490|000|5102|17|3738|3738|635,46||
|C490|041|5102|0|6|0|0||
|C405|07012011|1|1197|24168|9838767,29|4472|
|C420|01T1700|4472|1||
|C425|090120|1|UN|27|0,18|0,81|
|C425|760230|1|UN|69|0,45|2,07|
|C425|500840|1|UN|39|0,25|1,17|
|C425|910010|1|UN|39|0,25|1,17|
|C425|500390|2|UN|110|0,72|3,3|
|C425|790160|1|UN|159|1,03|4,77|
|C425|900283|1|UN|22|0,14|0,66|
|C425|532410|1|UN|35|0,23|1,05|
|C425|660880|1|UN|25|0,16|0,75|
|C425|330020|2|UN|210|1,36|6,3|
|C425|950262|1|UN|49|0,32|1,47|
|C425|330200|1|UN|199|1,29|5,97|
|C425|970310|1|UN|113|0,73|3,39|
|C425|813660|1|UN|55|0,36|1,65|
|C425|813661|1|UN|39|0,25|1,17|
|C425|903431|1|UN|15|0,1|0,45|
|C425|103310|6|UN|60|0,39|1,8|
|C425|950211|1|UN|6|0,04|0,18|
|C425|520520|1|UN|239|1,55|7,17|
|C425|031240|1|UN|269|1,75|8,07|
|C425|880050|1|UN|79|0,51|2,37|
|C425|040550|1|UN|159|1,03|4,77|
|C425|040560|1|UN|299|1,94|8,97|
|C425|100210|1|UN|379|2,46|11,37|
|C425|120090|1|UN|66|0,43|1,98|
|C425|180260|1|UN|299|1,94|8,97|
|C425|220223|1|UN|999|6,49|29,97|
|C425|502030|1|UN|19|0,12|0,57|
|C425|502181|1|UN|65|0,42|1,95|
|C425|120040|1|UN|69|0,45|2,07|
|C425|902550|1|UN|15|0,1|0,45|
|C425|910710|2|UN|14|0,09|0,42|
|C425|502180|2|UN|158|1,02|4,74|
|C425|700620|1|UN|18|0,12|0,54|
|C425|500810|1|UN|10|0,07|0,3|
|C425|500360|1|UN|7|0,05|0,21|
|C425|900121|1|UN|22|0,14|0,66|
|C425|903070|1|UN|16|0,1|0,48|
|C490|000|5102|17|4472|4472|760,24||
|C405|08012011|1|1198|24181|9841547,29|2780|
|C420|01T1700|2780|1||
|C425|701420|1|UN|15|0,1|0,45|
|C425|850070|1|UN|89|0,58|2,67|
|C425|813100|1|UN|59|0,38|1,77|
|C425|910720|1|UN|49|0,32|1,47|
|C425|910790|1|UN|369|2,4|11,07|
|C425|150420|1|UN|47|0,31|1,41|
|C425|901280|1|UN|23|0,15|0,69|
|C425|031240|1|UN|259|1,68|7,77|
|C425|650360|1|UN|13|0,08|0,39|
|C425|150410|1|UN|59|0,38|1,77|
|C425|813550|1|UN|35|0,23|1,05|
|C425|051060|1|UN|275|1,79|8,25|
|C425|502181|1|UN|65|0,42|1,95|
|C425|100200|1|UN|383|2,49|11,49|
|C425|040290|1|UN|1040|6,76|31,2|
|C490|000|5102|17|2780|2780|472,6||
|C405|10012011|1|1199|24207|9851443,29|9896|
|C420|01T1700|9735|1||
|C425|900570|1|UN|19|0,12|0,57|
|C425|101320|11|UN|99|0,64|2,97|
|C425|101340|12|UN|120|0,78|3,6|
|C425|180263|1|UN|259|1,68|7,77|
|C425|330020|1|UN|105|0,68|3,15|
|C425|330240|1|UN|79|0,51|2,37|
|C425|710190|1|UN|19|0,12|0,57|
|C425|910110|1|UN|12|0,08|0,36|
|C425|760860|1|UN|119|0,77|3,57|
|C425|101310|12|UN|156|1,01|4,68|
|C425|813661|1|UN|39|0,25|1,17|
|C425|700951|1|UN|29|0,19|0,87|
|C425|900631|2|UN|8|0,05|0,24|
|C425|030130|1|UN|1899|12,34|56,97|
|C425|502390|2|UN|24|0,16|0,72|
|C425|040290|1|UN|1099|7,14|32,97|
|C425|101350|12|UN|120|0,78|3,6|
|C425|180260|1|UN|284|1,85|8,52|
|C425|180290|1|UN|129|0,84|3,87|
|C425|290190|1|UN|55|0,36|1,65|
|C425|111130|1|UN|7|0,05|0,21|
|C425|520280|1|UN|19|0,12|0,57|
|C425|650200|1|UN|39|0,25|1,17|
|C425|701750|1|UN|29|0,19|0,87|
|C425|030123|1|UN|3199|20,79|95,97|
|C425|031160|1|UN|1769|11,5|53,07|
|C420|N1|161|||
|C425|710270|1|UN|69|0,45|2,07|
|C425|980320|1|UN|19|0,12|0,57|
|C425|940430|2|UN|28|0,18|0,84|
|C425|940410|5|UN|45|0,29|1,35|
|C490|000|5102|17|9735|9735|1654,95||
|C490|041|5102|0|161|0|0||
|C405|11012011|1|1200|24229|9860710,29|9267|
|C420|01T1700|9228|1||
|C425|900671|1|UN|7|0,05|0,21|
|C425|670890|1|UN|32|0,21|0,96|
|C425|760061|1|UN|119|0,77|3,57|
|C425|030343|1|UN|3000|19,5|90|
|C425|950212|1|UN|99|0,64|2,97|
|C425|180253|1|UN|329|2,14|9,87|
|C425|090120|1|UN|29|0,19|0,87|
|C425|700321|1|UN|13|0,08|0,39|
|C425|900821|1|UN|12|0,08|0,36|
|C425|330200|1|UN|199|1,29|5,97|
|C425|820141|1|UN|8|0,05|0,24|
|C425|030333|1|UN|1799|11,69|53,97|
|C425|950310|1|UN|119|0,77|3,57|
|C425|040183|1|UN|899|5,84|26,97|
|C425|220183|1|UN|1199|7,79|35,97|
|C425|330250|1|UN|99|0,64|2,97|
|C425|502191|1|UN|39|0,25|1,17|
|C425|502390|2|UN|24|0,16|0,72|
|C425|890520|1|UN|119|0,77|3,57|
|C425|900980|1|UN|29|0,19|0,87|
|C425|030093|1|UN|1015|6,6|30,45|
|C425|500820|1|UN|7|0,05|0,21|
|C425|840240|1|UN|33|0,21|0,99|
|C420|N1|39|||
|C425|980060|1|UN|39|0,25|1,17|
|C490|000|5102|17|9228|9228|1568,76||
|C490|041|5102|0|39|0|0||
|C405|12012011|1|1201|24249|9872363,29|11877|
|C420|Can-T|448|||
|C420|01T1700|11180|1||
|C425|910670|1|UN|19|0,12|0,57|
|C425|330240|1|UN|79|0,51|2,37|
|C425|701610|1|UN|19|0,12|0,57|
|C425|701110|2|UN|28|0,18|0,84|
|C425|900222|1|UN|99|0,64|2,97|
|C425|502381|1|UN|12|0,08|0,36|
|C425|820500|1|UN|15|0,1|0,45|
|C425|031100|1|UN|269|1,75|8,07|
|C425|900201|1|UN|14|0,09|0,42|
|C425|103260|1|UN|8|0,05|0,24|
|C425|970740|1|UN|69|0,45|2,07|
|C425|501480|3|UN|75|0,49|2,25|
|C425|900631|2|UN|8|0,06|0,24|
|C425|900632|2|UN|8|0,05|0,24|
|C425|530540|1|UN|349|2,27|10,47|
|C425|030353|1|UN|1125|7,31|33,75|
|C425|840970|1|UN|59|0,38|1,77|
|C425|030473|2|UN|1234|8,02|37,02|
|C425|030940|1|UN|764|4,97|22,92|
|C425|100210|2|UN|758|4,92|22,74|
|C425|180770|1|UN|630|4,1|18,9|
|C425|330150|1|UN|179|1,16|5,37|
|C425|502390|2|UN|24|0,16|0,72|
|C425|031200|1|UN|1349|8,77|40,47|
|C425|950310|1|UN|119|0,77|3,57|
|C425|950370|1|UN|810|5,27|24,3|
|C425|040123|1|UN|690|4,49|20,7|
|C425|104090|2|UN|118|0,77|3,54|
|C425|030870|1|UN|2250|14,63|67,5|
|C420|N1|249|||
|C425|180900|1|UN|249|1,62|7,47|
|C490|000|5102|17|11180|11180|1900,6||
|C490|041|5102|0|249|0|0||
|C405|13012011|1|1202|24267|9885145,29|12782|
|C420|Can-T|9944|||
|C420|01T1700|2808|1||
|C425|330020|1|UN|105|0,68|3,15|
|C425|950300|1|UN|89|0,58|2,67|
|C425|110110|1|UN|648|4,21|19,44|
|C425|120140|1|UN|39|0,25|1,17|
|C425|820820|1|UN|29|0,19|0,87|
|C425|180180|1|UN|529|3,44|15,87|
|C425|180263|1|UN|124|0,81|3,72|
|C425|500560|1|UN|25|0,16|0,75|
|C425|670890|1|UN|32|0,21|0,96|
|C425|500450|1|UN|35|0,23|1,05|
|C425|104010|1|UN|10|0,07|0,3|
|C425|040440|1|UN|429|2,79|12,87|
|C425|813310|1|UN|59|0,38|1,77|
|C425|030373|1|UN|626|4,07|18,78|
|C425|090120|1|UN|29|0,19|0,87|
|C420|N1|30|||
|C425|940400|2|UN|30|0,2|0,9|
|C490|000|5102|17|2808|2808|477,36||
|C490|041|5102|0|30|0|0||
|C405|14012011|1|1203|24289|9891375,29|3981|
|C420|01T1700|3971|1||
|C425|701730|1|UN|39|0,25|1,17|
|C425|120140|1|UN|39|0,25|1,17|
|C425|701420|1|UN|15|0,1|0,45|
|C425|813030|1|UN|45|0,29|1,35|
|C425|050683|1|UN|839|5,45|25,17|
|C425|051220|1|UN|427|2,78|12,81|
|C425|120050|1|UN|179|1,16|5,37|
|C425|950090|6|UN|60|0,39|1,8|
|C425|502381|1|UN|12|0,08|0,36|
|C425|500480|1|UN|69|0,45|2,07|
|C425|900241|1|UN|19|0,12|0,57|
|C425|900242|1|UN|10|0,07|0,3|
|C425|030553|1|UN|1099|7,14|32,97|
|C425|950010|1|UN|129|0,84|3,87|
|C425|040550|1|UN|159|1,03|4,77|
|C425|180590|1|UN|229|1,49|6,87|
|C425|700650|1|UN|19|0,12|0,57|
|C425|701450|1|UN|20|0,13|0,6|
|C425|890430|1|UN|149|0,97|4,47|
|C425|090200|1|UN|65|0,42|1,95|
|C425|702160|1|UN|17|0,11|0,51|
|C425|902050|1|UN|10|0,07|0,3|
|C425|500380|2|UN|97|0,64|2,91|
|C425|840620|1|UN|55|0,36|1,65|
|C425|090310|1|UN|170|1,11|5,1|
|C420|N1|10|||
|C425|940360|1|UN|10|0,07|0,3|
|C490|000|5102|17|3971|3971|675,07||
|C490|041|5102|0|10|0|0||
|C405|15012011|1|1204|24301|9895690,29|4315|
|C420|01T1700|3941|1||
|C425|030940|1|UN|780|5,07|23,4|
|C425|820141|1|UN|8|0,05|0,24|
|C425|810150|1|UN|35|0,23|1,05|
|C425|820080|1|UN|9|0,06|0,27|
|C425|050993|1|UN|2800|18,2|84|
|C425|850050|1|UN|55|0,36|1,65|
|C425|812010|1|UN|17|0,11|0,51|
|C425|700920|3|UN|13|0,09|0,39|
|C425|330030|1|UN|130|0,85|3,9|
|C425|820830|1|UN|12|0,08|0,36|
|C425|700560|1|UN|17|0,11|0,51|
|C425|502383|1|UN|6|0,04|0,18|
|C425|090240|1|UN|59|0,38|1,77|
|C420|N1|374|||
|C425|940390|1|UN|29|0,19|0,87|
|C425|180900|1|UN|112|0,73|3,36|
|C425|180820|1|UN|44|0,29|1,32|
|C425|180860|1|UN|59|0,38|1,77|
|C425|180810|1|UN|130|0,85|3,9|
|C490|000|5102|17|3941|3941|669,97||
|C490|041|5102|0|374|0|0||
|C405|17012011|1|1205|24328|9904244,29|8355|
|C420|01T1700|8325|1||
|C425|700790|1|UN|29|0,19|0,87|
|C425|902482|1|UN|16|0,1|0,48|
|C425|050543|1|UN|459|2,98|13,77|
|C425|050803|1|UN|223|1,45|6,69|
|C425|050983|1|UN|920|5,98|27,6|
|C425|090010|1|UN|99|0,64|2,97|
|C425|090350|1|UN|95|0,62|2,85|
|C425|820500|1|UN|15|0,1|0,45|
|C425|820080|1|UN|8|0,05|0,24|
|C425|701611|1|UN|100|0,65|3|
|C425|501030|1|UN|22|0,14|0,66|
|C425|820841|1|UN|15|0,1|0,45|
|C425|710160|2|UN|58|0,38|1,74|
|C425|030553|1|UN|1000|6,5|30|
|C425|880080|1|UN|89|0,58|2,67|
|C425|030910|1|UN|949|6,17|28,47|
|C425|040173|1|UN|450|2,93|13,5|
|C425|040183|1|UN|899|5,84|26,97|
|C425|180700|1|UN|1800|11,7|54|
|C425|700650|1|UN|19|0,12|0,57|
|C425|701841|1|UN|12|0,08|0,36|
|C425|900252|1|UN|10|0,07|0,3|
|C425|950480|1|UN|1000|6,5|30|
|C425|902050|2|UN|19|0,13|0,57|
|C425|701430|1|UN|19|0,12|0,57|
|C420|N1|30|||
|C425|940390|1|UN|30|0,2|0,9|
|C490|000|5102|17|8325|8325|1415,25||
|C490|041|5102|0|30|0|0||
|C405|18012011|1|1206|24344|9917702,29|12378|
|C420|01T1700|12378|1||
|C425|104190|1|UN|32|0,21|0,96|
|C425|031100|1|UN|549|3,57|16,47|
|C425|104050|6|UN|42|0,27|1,26|
|C425|220013|1|UN|729|4,74|21,87|
|C425|220023|1|UN|380|2,47|11,4|
|C425|531310|1|UN|15|0,1|0,45|
|C425|901860|1|UN|86|0,56|2,58|
|C425|530250|1|UN|170|1,11|5,1|
|C425|902600|1|UN|35|0,23|1,05|
|C425|700200|1|UN|55|0,36|1,65|
|C425|701260|2|UN|98|0,64|2,94|
|C425|970400|1|UN|29|0,19|0,87|
|C425|901251|1|UN|10|0,07|0,3|
|C425|900732|1|UN|99|0,64|2,97|
|C425|031130|1|UN|1299|8,44|38,97|
|C425|950310|1|UN|119|0,77|3,57|
|C425|040173|1|UN|999|6,49|29,97|
|C425|100210|1|UN|379|2,46|11,37|
|C425|180590|1|UN|229|1,49|6,87|
|C425|180770|1|UN|1399|9,09|41,97|
|C425|220370|1|UN|1799|11,69|53,97|
|C425|810170|1|UN|22|0,14|0,66|
|C425|090310|1|UN|179|1,16|5,37|
|C425|040570|1|UN|199|1,29|5,97|
|C425|502180|1|UN|80|0,52|2,4|
|C425|950120|2|UN|98|0,64|2,94|
|C425|030123|1|UN|3199|20,79|95,97|
|C425|111130|2|UN|14|0,09|0,42|
|C425|813550|1|UN|35|0,23|1,05|
|C490|000|5102|17|12378|12378|2104,26||
|C405|19012011|1|1207|24352|9921441,29|3739|
|C420|01T1700|3739|1||
|C425|030253|1|UN|1649|10,72|49,47|
|C425|180260|1|UN|299|1,94|8,97|
|C425|220133|1|UN|1679|10,91|50,37|
|C425|330240|1|UN|79|0,51|2,37|
|C425|902941|1|UN|10|0,07|0,3|
|C425|870230|1|UN|23|0,15|0,69|
|C490|000|5102|17|3739|3739|635,63||
|C405|20012011|1|1208|24375|9927834,29|6393|
|C420|01T1700|6393|1||
|C425|200110|1|UN|797|5,18|23,91|
|C425|150120|1|UN|59|0,38|1,77|
|C425|670890|1|UN|32|0,21|0,96|
|C425|910110|1|UN|12|0,08|0,36|
|C425|104010|8|UN|80|0,52|2,4|
|C425|700972|1|UN|27|0,18|0,81|
|C425|701210|1|UN|19|0,12|0,57|
|C425|910240|1|UN|14|0,09|0,42|
|C425|901701|1|UN|35|0,23|1,05|
|C425|910870|3|UN|75|0,49|2,25|
|C425|660282|2|UN|10|0,07|0,3|
|C425|030133|1|UN|1799|11,69|53,97|
|C425|330050|1|UN|49|0,32|1,47|
|C425|030450|1|UN|416|2,7|12,48|
|C425|040250|1|UN|899|5,84|26,97|
|C425|100210|1|UN|359|2,33|10,77|
|C425|120020|1|UN|99|0,64|2,97|
|C425|200360|2|UN|416|2,7|12,48|
|C425|910781|1|UN|69|0,45|2,07|
|C425|104040|8|UN|60|0,39|1,8|
|C425|031190|1|UN|999|6,49|29,97|
|C425|120130|1|UN|49|0,32|1,47|
|C425|500122|1|UN|19|0,12|0,57|
|C490|000|5102|17|6393|6393|1086,81||
|C405|21012011|1|1209|24399|9932266,29|4432|
|C420|01T1700|4344|1||
|C425|700780|1|UN|39|0,25|1,17|
|C425|902482|1|UN|16|0,1|0,48|
|C425|090320|1|UN|118|0,77|3,54|
|C425|150450|1|UN|149|0,97|4,47|
|C425|330240|2|UN|158|1,02|4,74|
|C425|100013|1|UN|309|2,01|9,27|
|C425|901980|1|UN|12|0,08|0,36|
|C425|910170|1|UN|19|0,12|0,57|
|C425|700760|1|UN|29|0,19|0,87|
|C425|950300|1|UN|89|0,58|2,67|
|C425|700800|1|UN|65|0,42|1,95|
|C425|701250|1|UN|35|0,23|1,05|
|C425|710340|1|UN|29|0,19|0,87|
|C425|901541|1|UN|49|0,32|1,47|
|C425|103260|1|UN|8|0,05|0,24|
|C425|701612|1|UN|19|0,12|0,57|
|C425|820141|2|UN|16|0,1|0,48|
|C425|530870|1|UN|35|0,23|1,05|
|C425|030353|1|UN|1025|6,66|30,75|
|C425|812970|1|UN|39|0,25|1,17|
|C425|040423|1|UN|350|2,28|10,5|
|C425|040550|1|UN|159|1,03|4,77|
|C425|180280|1|UN|85|0,55|2,55|
|C425|330250|1|UN|99|0,64|2,97|
|C425|502383|1|UN|6|0,04|0,18|
|C425|520650|1|UN|68|0,44|2,04|
|C425|701830|1|UN|35|0,23|1,05|
|C425|812960|1|UN|29|0,19|0,87|
|C425|701710|1|UN|49|0,32|1,47|
|C425|040123|1|UN|325|2,11|9,75|
|C425|502180|1|UN|79|0,51|2,37|
|C425|700070|2|UN|110|0,72|3,3|
|C425|500050|1|UN|49|0,32|1,47|
|C425|700680|2|UN|58|0,38|1,74|
|C425|950400|1|UN|448|2,91|13,44|
|C425|150410|2|UN|118|0,77|3,54|
|C425|700320|1|UN|19|0,12|0,57|
|C420|N1|88|||
|C425|710010|1|UN|88|0,57|2,64|
|C490|000|5102|17|4344|4344|738,48||
|C490|041|5102|0|88|0|0||
|C405|22012011|1|1210|24410|9933780,29|1514|
|C420|01T1700|1514|1||
|C425|040290|1|UN|500|3,25|15|
|C425|180180|1|UN|250|1,63|7,5|
|C425|290180|1|UN|48|0,31|1,44|
|C425|670890|3|UN|96|0,62|2,88|
|C425|740240|1|UN|28|0,18|0,84|
|C425|150420|2|UN|190|1,24|5,7|
|C425|180400|1|UN|284|1,85|8,52|
|C425|910950|2|UN|118|0,77|3,54|
|C490|000|5102|17|1514|1514|257,38||
|C405|24012011|1|1211|24422|9938757,29|4977|
|C420|01T1700|4977|1||
|C425|700510|1|UN|15|0,1|0,45|
|C425|950263|1|UN|69|0,45|2,07|
|C425|103280|1|UN|10|0,07|0,3|
|C425|710050|1|UN|6|0,04|0,18|
|C425|702030|1|UN|9|0,06|0,27|
|C425|880110|1|UN|119|0,77|3,57|
|C425|680660|1|UN|59|0,38|1,77|
|C425|220120|1|UN|1099|7,14|32,97|
|C425|030353|1|UN|2286|14,86|68,58|
|C425|502050|1|UN|19|0,12|0,57|
|C425|103320|1|UN|10|0,07|0,3|
|C425|103300|1|UN|10|0,07|0,3|
|C425|880080|1|UN|89|0,58|2,67|
|C425|290300|1|UN|129|0,84|3,87|
|C425|180260|1|UN|290|1,89|8,7|
|C425|100210|2|UN|758|4,92|22,74|
|C490|000|5102|17|4977|4977|846,09||
|C405|25012011|1|1212|24437|9944260,29|4995|
|C420|01T1700|4995|1||
|C425|040123|1|UN|699|4,54|20,97|
|C425|820141|1|UN|10|0,07|0,3|
|C425|901570|1|UN|15|0,1|0,45|
|C425|900121|1|UN|22|0,14|0,66|
|C425|500630|1|UN|5|0,03|0,15|
|C425|840620|1|UN|55|0,36|1,65|
|C425|813550|1|UN|35|0,23|1,05|
|C425|030373|1|UN|1250|8,13|37,5|
|C425|501900|1|UN|7|0,05|0,21|
|C425|330050|1|UN|48|0,31|1,44|
|C425|220223|1|UN|999|6,49|29,97|
|C425|180770|1|UN|1399|9,09|41,97|
|C425|180280|1|UN|89|0,58|2,67|
|C425|100210|1|UN|362|2,35|10,86|
|C490|000|5102|17|4995|4995|849,15||
|C405|26012011|1|1213|24455|9949114,29|4854|
|C420|01T1700|4854|1||
|C425|701420|1|UN|15|0,1|0,45|
|C425|702070|1|UN|12|0,08|0,36|
|C425|880120|1|UN|119|0,77|3,57|
|C425|813530|2|UN|38|0,25|1,14|
|C425|150420|2|UN|194|1,26|5,82|
|C425|040453|1|UN|649|4,22|19,47|
|C425|902650|1|UN|99|0,64|2,97|
|C425|060210|1|UN|454|2,95|13,62|
|C425|040423|1|UN|769|5|23,07|
|C425|180263|1|UN|120|0,78|3,6|
|C425|180180|1|UN|529|3,44|15,87|
|C425|101390|1|UN|56|0,36|1,68|
|C425|050840|1|UN|599|3,89|17,97|
|C425|220133|1|UN|778|5,06|23,34|
|C425|500720|1|UN|12|0,08|0,36|
|C425|740300|2|UN|12|0,08|0,36|
|C425|100200|1|UN|399|2,59|11,97|
|C490|000|5102|17|4854|4854|825,18||
|C405|27012011|1|1214|24479|9963358,29|14244|
|C420|N1|158|||
|C425|710010|1|UN|89|0,58|2,67|
|C425|710270|1|UN|69|0,45|2,07|
|C420|02T1700|14086|2||
|C425|890200|1|UN|199|1,29|5,97|
|C425|810520|1|UN|16|0,1|0,48|
|C425|500390|1|UN|55|0,36|1,65|
|C425|100013|1|UN|309|2,01|9,27|
|C425|902230|1|UN|53|0,34|1,59|
|C425|660490|1|UN|6|0,04|0,18|
|C425|812100|1|UN|19|0,12|0,57|
|C425|150320|1|UN|119|0,77|3,57|
|C425|090350|1|UN|200|1,3|6|
|C425|901610|4|UN|92|0,6|2,76|
|C425|501110|1|UN|289|1,88|8,67|
|C425|701613|1|UN|79|0,51|2,37|
|C425|180550|1|UN|599|3,89|17,97|
|C425|910540|1|UN|29|0,19|0,87|
|C425|841050|1|UN|39|0,25|1,17|
|C425|103290|1|UN|10|0,07|0,3|
|C425|902111|1|UN|408|2,65|12,24|
|C425|950142|2|UN|278|1,8|8,34|
|C425|103280|1|UN|10|0,07|0,3|
|C425|820141|2|UN|16|0,1|0,48|
|C425|500890|1|UN|49|0,32|1,47|
|C425|532060|2|UN|58|0,38|1,74|
|C425|030053|1|UN|1949|12,67|58,47|
|C425|120110|1|UN|160|1,04|4,8|
|C425|180920|2|UN|138|0,9|4,14|
|C425|180790|1|UN|1999|12,99|59,97|
|C425|180770|1|UN|1399|9,09|41,97|
|C425|180600|1|UN|349|2,27|10,47|
|C425|180590|1|UN|249|1,62|7,47|
|C425|501720|1|UN|29|0,19|0,87|
|C425|100210|1|UN|379|2,46|11,37|
|C425|100160|1|UN|223|1,45|6,69|
|C425|040133|1|UN|730|4,75|21,9|
|C425|030473|1|UN|1299|8,44|38,97|
|C425|030253|1|UN|1599|10,39|47,97|
|C425|880090|1|UN|49|0,32|1,47|
|C425|910710|6|UN|42|0,28|1,26|
|C425|702180|1|UN|129|0,84|3,87|
|C425|700740|1|UN|15|0,1|0,45|
|C425|502200|1|UN|55|0,36|1,65|
|C425|880030|1|UN|69|0,45|2,07|
|C425|502180|1|UN|79|0,51|2,37|
|C425|501351|1|UN|3|0,02|0,09|
|C425|500720|1|UN|12|0,08|0,36|
|C425|040570|1|UN|199|1,29|5,97|
|C490|000|5102|17|14086|14086|2394,62||
|C490|041|5102|0|158|0|0||
|C405|28012011|1|1215|24490|9969208,29|5850|
|C420|01T1700|5850|1||
|C425|040173|1|UN|999|6,49|29,97|
|C425|040290|1|UN|500|3,25|15|
|C425|100200|1|UN|399|2,59|11,97|
|C425|120080|1|UN|139|0,9|4,17|
|C425|180770|1|UN|630|4,1|18,9|
|C425|180930|1|UN|65|0,42|1,95|
|C425|030870|1|UN|2150|13,98|64,5|
|C425|300280|1|UN|960|6,24|28,8|
|C425|103260|1|UN|8|0,05|0,24|
|C490|000|5102|17|5850|5850|994,5||
|C405|29012011|1|1216|24504|9976474,29|7266|
|C420|01T1700|7266|1||
|C425|100053|1|UN|213|1,38|6,39|
|C425|900251|1|UN|12|0,08|0,36|
|C425|103280|1|UN|10|0,07|0,3|
|C425|901200|1|UN|99|0,64|2,97|
|C425|150420|1|UN|99|0,64|2,97|
|C425|950110|4|UN|76|0,49|2,28|
|C425|890120|1|UN|35|0,23|1,05|
|C425|150310|1|UN|89|0,58|2,67|
|C425|501110|1|UN|289|1,88|8,67|
|C425|500111|1|UN|35|0,23|1,05|
|C425|030133|1|UN|1799|11,69|53,97|
|C425|090310|1|UN|85|0,55|2,55|
|C425|840620|1|UN|55|0,36|1,65|
|C425|150410|1|UN|28|0,18|0,84|
|C425|502030|1|UN|19|0,12|0,57|
|C425|180770|1|UN|650|4,23|19,5|
|C425|180203|1|UN|400|2,6|12|
|C425|100200|2|UN|786|5,11|23,58|
|C425|060100|1|UN|399|2,59|11,97|
|C425|040133|1|UN|769|5|23,07|
|C425|030373|1|UN|1319|8,57|39,57|
|C490|000|5102|17|7266|7266|1235,22||
|C405|31012011|1|1217|24516|9980114,3|3640|
|C420|01T1700|3640|1||
|C425|040550|1|UN|159|1,03|4,77|
|C425|330210|1|UN|79|0,51|2,37|
|C425|180263|1|UN|259|1,68|7,77|
|C425|531310|1|UN|15|0,1|0,45|
|C425|050683|1|UN|800|5,2|24|
|C425|950420|1|UN|1250|8,13|37,5|
|C425|900731|1|UN|399|2,59|11,97|
|C425|270010|1|UN|679|4,41|20,37|
|C490|000|5102|17|3640|3640|618,8||
|C400|2D|ECF|BE0106SC56001133153|4|
|C405|03012011|1|880|11918|9541066,64|10124|
|C420|01T1700|10124|1||
|C425|030353|1|UN|2499|16,24|74,97|
|C425|030543|1|UN|749|4,87|22,47|
|C425|040013|1|UN|1199|7,79|35,97|
|C425|040383|1|UN|660|4,29|19,8|
|C425|100030|1|UN|519|3,37|15,57|
|C425|180770|1|UN|1549|10,07|46,47|
|C425|220143|1|UN|800|5,2|24|
|C425|050910|1|UN|2149|13,97|64,47|
|C490|000|5102|17|10124|10124|1721,08||
|C405|04012011|1|881|11927|9547931,64|6865|
|C420|01T1700|6865|1||
|C425|030353|1|UN|2279|14,81|68,37|
|C425|030970|1|UN|1499|9,74|44,97|
|C425|040103|1|UN|1549|10,07|46,47|
|C425|220143|1|UN|819|5,32|24,57|
|C425|760058|1|UN|99|0,64|2,97|
|C425|040453|1|UN|620|4,03|18,6|
|C490|000|5102|17|6865|6865|1167,05||
|C405|05012011|1|882|11938|9555803,64|7872|
|C420|01T1700|7793|1||
|C425|030383|2|UN|2648|17,21|79,44|
|C425|030523|1|UN|329|2,14|9,87|
|C425|030910|1|UN|969|6,3|29,07|
|C425|031240|1|UN|269|1,75|8,07|
|C425|040213|2|UN|2739|17,8|82,17|
|C425|050683|1|UN|839|5,45|25,17|
|C420|N1|79|||
|C425|710270|1|UN|79|0,51|2,37|
|C490|000|5102|17|7793|7793|1324,81||
|C490|041|5102|0|79|0|0||
|C405|06012011|1|883|11948|9563089,64|7286|
|C420|01T1700|7286|1||
|C425|031073|1|UN|1600|10,4|48|
|C425|040290|1|UN|1060|6,89|31,8|
|C425|100210|1|UN|379|2,46|11,37|
|C425|030093|1|UN|2230|14,5|66,9|
|C425|050543|1|UN|430|2,8|12,9|
|C425|180263|1|UN|259|1,68|7,77|
|C425|060210|1|UN|469|3,05|14,07|
|C425|040163|1|UN|859|5,58|25,77|
|C490|000|5102|17|7286|7286|1238,62||
|C405|07012011|1|884|11966|9572778,64|9689|
|C420|01T1700|9689|1||
|C425|330050|1|UN|49|0,32|1,47|
|C425|910960|1|UN|59|0,38|1,77|
|C425|040163|1|UN|859|5,58|25,77|
|C425|050683|1|UN|839|5,45|25,17|
|C425|180253|2|UN|658|4,28|19,74|
|C425|840230|1|UN|22|0,14|0,66|
|C425|030093|1|UN|2299|14,94|68,97|
|C425|030433|1|UN|799|5,19|23,97|
|C425|100200|1|UN|399|2,59|11,97|
|C425|040440|1|UN|420|2,73|12,6|
|C425|040393|1|UN|969|6,3|29,07|
|C425|040173|1|UN|999|6,49|29,97|
|C425|031240|1|UN|269|1,75|8,07|
|C425|030553|1|UN|1049|6,82|31,47|
|C490|000|5102|17|9689|9689|1647,13||
|C405|08012011|1|885|11973|9577796,64|5018|
|C420|01T1700|5018|1||
|C425|030130|1|UN|1999|12,99|59,97|
|C425|030373|1|UN|1260|8,19|37,8|
|C425|030460|1|UN|1300|8,45|39|
|C425|050543|1|UN|459|2,98|13,77|
|C490|000|5102|17|5018|5018|853,06||
|C405|10012011|1|886|11985|9590722,64|12926|
|C420|01T1700|12926|1||
|C425|040123|1|UN|729|4,74|21,87|
|C425|180263|1|UN|267|1,74|8,01|
|C425|031100|1|UN|527|3,43|15,81|
|C425|030630|1|UN|1799|11,69|53,97|
|C425|030870|1|UN|4799|31,19|143,97|
|C425|030253|1|UN|1599|10,39|47,97|
|C425|180260|1|UN|299|1,94|8,97|
|C425|100200|1|UN|409|2,66|12,27|
|C425|100030|1|UN|499|3,24|14,97|
|C425|040383|1|UN|699|4,54|20,97|
|C425|030383|1|UN|1300|8,45|39|
|C490|000|5102|17|12926|12926|2197,42||
|C405|11012011|1|887|11996|9599654,64|8932|
|C420|01T1700|8932|1||
|C425|030130|1|UN|1999|12,99|59,97|
|C425|030253|1|UN|1619|10,52|48,57|
|C425|030970|1|UN|1549|10,07|46,47|
|C425|040423|1|UN|769|5|23,07|
|C425|040550|1|UN|159|1,03|4,77|
|C425|100210|1|UN|379|2,46|11,37|
|C425|180770|1|UN|1399|9,09|41,97|
|C425|051220|1|UN|890|5,79|26,7|
|C425|911010|1|UN|169|1,1|5,07|
|C490|000|5102|17|8932|8932|1518,44||
|C405|12012011|1|888|12005|9616444,64|16790|
|C420|01T1700|16790|1||
|C425|220133|1|UN|1729|11,24|51,87|
|C425|040453|1|UN|649|4,22|19,47|
|C425|040233|1|UN|2600|16,9|78|
|C425|180180|1|UN|510|3,32|15,3|
|C425|050830|1|UN|480|3,12|14,4|
|C425|030860|1|UN|2850|18,53|85,5|
|C425|030250|1|UN|1799|11,69|53,97|
|C425|040203|1|UN|1639|10,65|49,17|
|C425|330250|1|UN|90|0,59|2,7|
|C425|040383|1|UN|669|4,35|20,07|
|C425|040223|1|UN|1520|9,88|45,6|
|C425|030353|1|UN|2255|14,66|67,65|
|C490|000|5102|17|16790|16790|2854,3||
|C405|13012011|1|889|12014|9626382,64|9938|
|C420|01T1700|9938|1||
|C425|030450|1|UN|949|6,17|28,47|
|C425|040423|1|UN|769|5|23,07|
|C425|180770|3|UN|3987|25,92|119,61|
|C425|180790|1|UN|2089|13,58|62,67|
|C425|950370|1|UN|1804|11,73|54,12|
|C425|090310|2|UN|340|2,21|10,2|
|C490|000|5102|17|9938|9938|1689,46||
|C405|14012011|1|890|12018|9626641,64|259|
|C420|01T1700|259|1||
|C425|031240|1|UN|259|1,68|7,77|
|C490|000|5102|17|259|259|44,03||
|C405|15012011|1|891|12025|9634258,64|7617|
|C420|01T1700|7617|1||
|C425|040393|1|UN|999|6,49|29,97|
|C425|180700|1|UN|1900|12,35|57|
|C425|950370|1|UN|835|5,43|25,05|
|C425|040123|1|UN|699|4,54|20,97|
|C425|030300|1|UN|1377|8,95|41,31|
|C425|051320|1|UN|1058|6,88|31,74|
|C425|040453|1|UN|749|4,87|22,47|
|C490|000|5102|17|7617|7617|1294,89||
|C405|17012011|1|892|12044|9654891,64|25248|
|C420|Can-T|4615|||
|C420|01T1700|20633|1||
|C425|150420|2|UN|198|1,29|5,94|
|C425|051060|1|UN|599|3,89|17,97|
|C425|220303|1|UN|2499|16,24|74,97|
|C425|050543|1|UN|459|2,98|13,77|
|C425|040453|1|UN|630|4,1|18,9|
|C425|050973|1|UN|3799|24,69|113,97|
|C425|030273|1|UN|1149|7,47|34,47|
|C425|900171|1|UN|15|0,1|0,45|
|C425|900172|1|UN|19|0,12|0,57|
|C425|200390|1|UN|499|3,24|14,97|
|C425|250303|1|UN|1199|7,79|35,97|
|C425|030363|1|UN|1199|7,79|35,97|
|C425|120080|1|UN|139|0,9|4,17|
|C425|030940|1|UN|1699|11,04|50,97|
|C425|031073|1|UN|750|4,88|22,5|
|C425|040280|1|UN|1350|8,78|40,5|
|C425|050610|1|UN|899|5,84|26,97|
|C425|100210|2|UN|735|4,78|22,05|
|C425|031190|1|UN|999|6,49|29,97|
|C425|180770|1|UN|1399|9,09|41,97|
|C425|890210|1|UN|399|2,59|11,97|
|C490|000|5102|17|20633|20633|3507,61||
|C405|19012011|1|894|12057|9661514,64|2008|
|C420|01T1700|2008|1||
|C425|220283|1|UN|1749|11,37|52,47|
|C425|180263|1|UN|259|1,68|7,77|
|C490|000|5102|17|2008|2008|341,36||
|C405|20012011|1|895|12068|9669626,64|8112|
|C420|01T1700|8112|1||
|C425|030383|1|UN|1537|9,99|46,11|
|C425|030443|1|UN|1160|7,54|34,8|
|C425|040133|1|UN|769|5|23,07|
|C425|040173|1|UN|999|6,49|29,97|
|C425|040430|1|UN|300|1,95|9|
|C425|031190|1|UN|999|6,49|29,97|
|C425|040143|1|UN|890|5,79|26,7|
|C425|040163|1|UN|859|5,58|25,77|
|C425|180550|1|UN|599|3,89|17,97|
|C490|000|5102|17|8112|8112|1379,04||
|C405|21012011|1|896|12074|9674691,64|5065|
|C420|01T1700|5065|1||
|C425|030250|1|UN|1799|11,69|53,97|
|C425|040383|1|UN|679|4,41|20,37|
|C425|180790|1|UN|1939|12,6|58,17|
|C425|180263|1|UN|250|1,63|7,5|
|C425|330020|1|UN|99|0,64|2,97|
|C425|100013|1|UN|299|1,94|8,97|
|C490|000|5102|17|5065|5065|861,05||
|C405|22012011|1|897|12083|9681538,64|6847|
|C420|01T1700|6847|1||
|C425|030460|1|UN|656|4,26|19,68|
|C425|031130|1|UN|1299|8,44|38,97|
|C425|040383|1|UN|699|4,54|20,97|
|C425|950490|1|UN|244|1,59|7,32|
|C425|040123|1|UN|679|4,41|20,37|
|C425|050880|1|UN|2185|14,2|65,55|
|C425|050543|1|UN|436|2,83|13,08|
|C425|040453|1|UN|649|4,22|19,47|
|C490|000|5102|17|6847|6847|1163,99||
|C405|24012011|1|898|12091|9687423,64|5885|
|C420|01T1700|5885|1||
|C425|040440|1|UN|429|2,79|12,87|
|C425|040203|1|UN|1599|10,39|47,97|
|C425|220133|1|UN|1729|11,24|51,87|
|C425|220403|1|UN|1799|11,69|53,97|
|C425|100013|1|UN|329|2,14|9,87|
|C490|000|5102|17|5885|5885|1000,45||
|C405|25012011|1|899|12105|9694405,64|6982|
|C420|01T1700|6982|1||
|C425|040383|1|UN|679|4,41|20,37|
|C425|040393|2|UN|1949|12,67|58,47|
|C425|040430|2|UN|648|4,21|19,44|
|C425|100210|1|UN|369|2,4|11,07|
|C425|031160|1|UN|1700|11,05|51|
|C425|031100|1|UN|549|3,57|16,47|
|C425|050543|1|UN|459|2,98|13,77|
|C425|051220|1|UN|440|2,86|13,2|
|C425|501320|1|UN|189|1,23|5,67|
|C490|000|5102|17|6982|6982|1186,94||
|C405|26012011|1|900|12125|9699101,65|4696|
|C420|01T1700|4696|1||
|C425|150410|1|UN|59|0,38|1,77|
|C425|180550|1|UN|599|3,89|17,97|
|C425|680230|1|UN|89|0,58|2,67|
|C425|040453|1|UN|649|4,22|19,47|
|C425|330020|1|UN|105|0,68|3,15|
|C425|180253|1|UN|329|2,14|9,87|
|C425|950300|1|UN|89|0,58|2,67|
|C425|040423|1|UN|749|4,87|22,47|
|C425|330030|1|UN|135|0,88|4,05|
|C425|330210|1|UN|89|0,58|2,67|
|C425|290190|2|UN|110|0,72|3,3|
|C425|180203|1|UN|398|2,59|11,94|
|C425|100210|3|UN|1137|7,38|34,11|
|C425|040550|1|UN|159|1,03|4,77|
|C490|000|5102|17|4696|4696|798,32||
|C405|27012011|1|901|12136|9701696,65|2595|
|C420|01T1700|2595|1||
|C425|330050|1|UN|49|0,32|1,47|
|C425|031030|1|UN|1290|8,39|38,7|
|C425|330020|1|UN|105|0,68|3,15|
|C425|890310|1|UN|119|0,77|3,57|
|C425|910350|1|UN|179|1,16|5,37|
|C425|040453|1|UN|649|4,22|19,47|
|C425|680900|1|UN|159|1,03|4,77|
|C425|911040|1|UN|45|0,29|1,35|
|C490|000|5102|17|2595|2595|441,15||
|C405|28012011|1|902|12145|9713688,65|11992|
|C420|01T1700|11992|1||
|C425|100030|1|UN|589|3,83|17,67|
|C425|030293|1|UN|1500|9,75|45|
|C425|031100|1|UN|549|3,57|16,47|
|C425|031030|1|UN|1299|8,44|38,97|
|C425|030263|1|UN|1500|9,75|45|
|C425|030130|1|UN|1999|12,99|59,97|
|C425|040430|1|UN|329|2,14|9,87|
|C425|040423|1|UN|769|5|23,07|
|C425|031170|1|UN|1819|11,82|54,57|
|C425|030523|1|UN|320|2,08|9,6|
|C425|030373|1|UN|1319|8,57|39,57|
|C490|000|5102|17|11992|11992|2038,64||
|C405|29012011|1|903|12150|9715766,65|2078|
|C420|01T1700|2078|1||
|C425|031160|1|UN|1769|11,5|53,07|
|C425|100013|1|UN|309|2,01|9,27|
|C490|000|5102|17|2078|2078|353,26||
|C405|31012011|1|904|12158|9722077,65|6311|
|C420|01T1700|6311|1||
|C425|030333|1|UN|1739|11,3|52,17|
|C425|030383|1|UN|1289|8,38|38,67|
|C425|030450|1|UN|899|5,84|26,97|
|C425|100210|1|UN|175|1,14|5,25|
|C425|180790|1|UN|950|6,18|28,5|
|C425|031030|1|UN|1259|8,18|37,77|
|C490|000|5102|17|6311|6311|1072,87||
|C405|18012011|1|893|12052|9659506,64|4615|
|C420|01T1700|4615|1||
|C425|040383|1|UN|679|4,41|20,37|
|C425|051323|1|UN|1299|8,44|38,97|
|C425|180180|1|UN|529|3,44|15,87|
|C425|100013|1|UN|309|2,01|9,27|
|C425|250480|1|UN|1799|11,69|53,97|
|C490|000|5102|17|4615|4615|784,55||
|C990|1932|
|D001|0|
|D100|0|1|800006976|08|00|U||021159||19012011|31012011|||50,00||2|50,00|50,00|3,50||||
|D190|000|2353|7,00|50,00|50,00|3,50|0||
|D100|0|1|800006984|08|00|U||083101||04012011|07012011|||1284,20||2|1284,20|1284,20|154,10||||
|D190|000|2353|12,00|1284,20|1284,20|154,10|0||
|D100|0|1|800006984|08|00|U||083103||04012011|07012011|||545,16||2|545,16|545,16|65,42||||
|D190|000|2353|12,00|545,16|545,16|65,42|0||
|D100|0|1|800006985|08|00|U||084326||13012010|20012011|||1374,80||2|1374,80|1374,00|164,98||||
|D190|000|2353|12,01|1374,80|1374,00|164,98|0||
|D100|0|1|800006985|08|00|U||084358||13012011|20012011|||991,20||2|991,20|991,20|118,94||||
|D190|000|2353|12,00|991,20|991,20|118,94|0||
|D100|0|1|800006985|08|00|U||084527||14012011|20012011|||49,56||2|49,56|49,56|5,95||||
|D190|000|2353|12,01|49,56|49,56|5,95|0||
|D100|0|1|800006985|08|00|U||266238||22122010|06012011|||501,45||1|501,45|0|0|501,45|||
|D190|000|2353||501,45|0|0|0||
|D100|0|1|800006985|08|00|U||426757||24122010|04012011|||43,09||1|43,09|0|0|43,09|||
|D190|000|2353||43,09|0|0|0||
|D100|0|1|800006989|08|00|U||649068||22122010|06012011|||1403,83||2|1403,83|1403,83|98,27||||
|D190|000|2353|7,00|1403,83|1403,83|98,27|0||
|D100|0|1|800006985|08|00|U||649069||22122010|06012011|||312,30||1|312,30|0|0|312,30|||
|D190|000|2353||312,30|0|0|0||
|D100|0|1|800006985|08|00|U||649070||22122010|06012011|||68,40||1|68,40|0|0|68,40|||
|D190|000|2353||68,40|0|0|0||
|D100|0|1|800006985|08|00|U||649072||22122010|06012011|||187,38||1|187,38|0|0|187,38|||
|D190|000|2353||187,38|0|0|0||
|D100|0|1|800006989|08|00|U||651658||28122010|13012011|||589,00||2|589,00|589,00|41,23||||
|D190|000|2353|7,00|589,00|589,00|41,23|0||
|D100|0|1|800006985|08|00|U||655663||05012011|20012011|||624,60||2|624,60|624,60|43,72||||
|D190|000|2353|7,00|624,60|624,60|43,72|0||
|D100|0|1|800006985|08|00|U||658635||11012011|17012011|||749,52||2|749,52|749,52|52,47||||
|D190|000|2353|7,00|749,52|749,52|52,47|0||
|D100|0|1|800006985|08|00|U||659128||12012011|27012011|||62,46||2|62,46|62,46|4,37||||
|D190|000|2353|7,00|62,46|62,46|4,37|0||
|D100|0|1|800006989|08|00|U||660500||13012011|25012011|||437,22||2|437,22|437,22|30,61||||
|D190|000|2353|7,00|437,22|437,22|30,61|0||
|D100|0|1|800006987|08|00|U||897456||24122010|04012011|||3095,19||2|3095,19|3095,19|216,66||||
|D190|000|2353|7,00|3095,19|3095,19|216,66|0||
|D100|0|1|800006985|08|00|U||897457||24122010|04012011|||555,22||1|555,22|0|0|555,22|||
|D190|000|2353||555,22|0|0|0||
|D100|0|1|800006985|08|00|U||897458||24122010|04012011|||228,35||1|228,35|0|0|228,35|||
|D190|000|2353||228,35|0|0|0||
|D100|0|1|800006985|08|00|U||897459||24122010|04012011|||45,67||1|45,67|0|0|45,67|||
|D190|000|2353||45,67|0|0|0||
|D100|0|1|800006985|08|00|U||897461||24122010|04012011|||43,09||1|43,09|0|0|43,09|||
|D190|000|2353||43,09|0|0|0||
|D100|0|1|800006985|08|00|U||897462||24122010|04012011|||274,02||1|274,02|0|0|274,02|||
|D190|000|2353||274,02|0|0|0||
|D100|0|1|800006985|08|00|U||897463||24122010|04012011|||168,98||1|168,98|0|0|168,98|||
|D190|000|2353||168,98|0|0|0||
|D100|0|1|800006985|08|00|U||897464||24122010|04012011|||675,92||1|675,92|0|0|675,92|||
|D190|000|2353||675,92|0|0|0||
|D100|0|1|800006985|08|00|U||897465||24122010|04012011|||506,94||1|506,94|0|0|506,94|||
|D190|000|2353||506,94|0|0|0||
|D100|0|1|800006987|08|00|U||904993||03012011|14012011|||946,70||2|946,70|946,70|66,27||||
|D190|000|2353|7,00|946,70|946,70|66,27|0||
|D100|0|1|800006987|08|00|U||918596||17012011|28012011|||290,79||2|290,79|290,79|20,36||||
|D190|000|2353|7,00|290,79|290,79|20,36|0||
|D100|0|1|800006976|08|00|U||006353||13012011|31012011|||50,00||2|50,00|50,00|3,50||||
|D190|000|2353|7,00|50,00|50,00|3,50|0||
|D100|0|1|100004485|57|00|0||000071092||12012011|27012011|0||452,26||1|452,26|0|0|452,26|||
|D190|000|2353||452,26|0|0|0||
|D990|62|
|E001|0|
|E100|01012011|31012011|
|E110|76319,10|0|0|0|35113,66|0|22318,38|0|30348,15|0|0|0|11461,09|0|
|E111|CE020002|Crédito Antecipado|22318,38|
|E990|5|
|G001|1|
|G990|2|
|H001|1|
|H990|2|
|1001|0|
|1700|03|01|||118710|118712|201003857|
|1700|03|01|||118714|118772|201003857|
|1700|03|01|||118774|118816|201003857|
|1700|03|01|||118818|118828|201003857|
|1700|03|01|||118830|118841|201003857|
|1700|03|01|||118843|118845|201003857|
|1700|03|01|||118871|118871|201003857|
|1990|9|
|9001|0|
|9900|0000|1|
|9900|0001|1|
|9900|0005|1|
|9900|0100|1|
|9900|0150|67|
|9900|0190|5|
|9900|0200|566|
|9900|0220|46|
|9900|0500|1|
|9900|0990|1|
|9900|C001|1|
|9900|C100|224|
|9900|C170|505|
|9900|C190|228|
|9900|C400|2|
|9900|C405|50|
|9900|C420|66|
|9900|C425|792|
|9900|C490|63|
|9900|C990|1|
|9900|D001|1|
|9900|D100|30|
|9900|D190|30|
|9900|D990|1|
|9900|E001|1|
|9900|E100|1|
|9900|E110|1|
|9900|E111|1|
|9900|E990|1|
|9900|G001|1|
|9900|G990|1|
|9900|H001|1|
|9900|H990|1|
|9900|1001|1|
|9900|1700|7|
|9900|1990|1|
|9900|9001|1|
|9900|9900|40|
|9900|9990|1|
|9900|9999|1|
|9990|43|
|9999|2745|
