|0000|005|1|01012012|31012012|LOJAS CARROSSEL COMERCIO E REPRESENTACOES LTDA|23455967000163||CE|060730463|2304400|||B|1|
|0001|0|
|0005|LOJAS CARROSSEL|60125160|RUA VISCONDE DE MAUA|2085||ALDEOTA|8532614533||lojascarrossel@hotmail.com|
|0100|JOSE ADRIANO PONTES FEITOSA|26472830363|CE011117O6||60025100|RUA MAJOR FACUNDO|844|SALAS 42 E 44|CENTRO|8532532340||adrianofeitosa44@yahoo.com.br|2304400|
|0150|41|FUJITA ENGENHARIA LTDA|1058|72570740000174||069144869|2304400||AV.DESEMBARGADOR MOREIRA|2120||ALDEOTA|
|0150|820|COLEGIO ANTARES S/C LTDA|1058|07250616000160|||2304400||R Tijipio|274||Praia de Iracema|
|0150|2485|CIL COM. DE INFORM. LTDA - FOR|1058|24073694000589||062639579|2304400||ROD. BR 116, KM 06, NR 06 - MODS. 20/21||2555 MODULOS 20 E 21|CAJAZEIRAS|
|0150|6276|RB CONSTRUCOES E COM.LTDA|1058|01196015000130||069717575|2304400||R Osvaldo Cruz|2200|SALA-B|Dionisio Torres|
|0150|9012|OSASUNA PARTICIPACOES LTDA(2351)|1058|03941904000100||066986400|2307650||AV PARQUE NORTE|89||Distrito Industrial|
|0150|100003376|OMNIMAGEM MILLENIUM D.I.T.T.S/S LTD|1058|04844523000175|||2304400||Av Tristão Gonçalves|1349||Centro|
|0150|100004620|DAMACENA EMPREENDIMENTOS S A-018085|1058|09302583000341||063692228|2304400||RUA SENADOR POMPEU 856 CENTRO LJ 123 856|01|1|CENTRO|
|0150|800006976|CONEXAO TRANSPORTES DIST E LOG LTDA|1058|63318604000281|||3518800||R Rua Paschoal Ricci|30||Jardim Presidente Dutra|
|0150|800006977|LOJAS CARROSSEL COMERCIO E REPRESENTACOES LTDA|1058|23455967000163|||2304400||RUA VISCONDE DE MAUA,2085 ALDEOTA|||ALDOTA|
|0150|800006986|WHIRPOOL S.A|1058|59105999003959||250050889|4209102||DONA FRANCISCA|7200||INDUSTRIAL|
|0150|800006987|MLOG ARMAZEM GERAL LTDA-JLLE|1058|05117268000806||255247770|4209102||DONA FRANCISCA 7200||||
|0150|800006989|MLOG ARMAZEM GERAL LTDA-RC|1058|05117268000555||587274102112|3543907||AV. 80-A 77||||
|0150|800006992|PANASONIC DO BRASIL LIMITADA|1058|04403408000912||645482612112|3549904||Ro Presidente Dutra|155||Jardim das Indústrias|
|0150|800006994|ZAIRTON GASPAR DE OLIVEIRA FILHO|1058||12211680372||2304400||R R.BARBOSA DE FREITAS 171 APTO 500|||MEIRELES|
|0150|800006995|YOI COMERCIAL LTDA|1058|00902927000117||114503818113|3550308||R RUA DOS ESTUADANTES,64||||
|0150|800007034|MLS TRANSP. E CARGAS LTDA|1058|11114508000218||336249093118|3518800||AV. JUSTINO DE MAIO, 840|840||Cidade Industrial SatÚlit|
|0150|800007041|MK ELETRODOMESTICOS LTDA|1058|07666567000140||67475400|2908507||ESTRADA DA VOLTA 1200|1200|GALPAO 02|COLONIA BRASILIA|
|0150|800007047|M. SHOP COMERCIAL LTDA|1058|01490698000800||116003947116|3550308||RUA LAGUNA||365|JD CARAVELAS|
|0150|800007075|PHILIPS DO BRASIL LTDA|1058|61086336014406||7070084780224|3170701||R Otto Salgado|250||Distrito Industrial Cláud|
|0150|800007079|ELECTROLUX DO BRASIL S.A|1058|76487032004384||637314973110|3548906||R RODOVIA SP 318 S/N-KM245||||
|0150|800007197|RESERVA JARDIM INCORPORACOES SPE LTDA|1058|09486157000143|||2304400||AV; ALBERTO CRAVEIRO|1240||BOA VISTA|
|0150|800007264|PHILIPS DA AMAZONIA IND ELET.LTDA|1058|04182861000199||062001060|1302603||AV AV.TORQUATO TAPAJOS,2236||||
|0150|800007291|PAGUE MENOS GERENC.DE SERV.S/A|1058|01429285000143|||2304400||R. Leonardo Mota|2602||Aldeota|
|0150|800007292|AGIL PUBLICIDADE LTDA|1058|07784028000106|||2304400||Av Senador Virgílio Távora|304||Meireles|
|0150|800007293|SOL NASCENTE MOTOS LTDA.|1058|03878906000100||194457699|2211001||AV JOAO XXIII|1760||JOKEY CLUBE|
|0150|800007294|EVELMA MARIA BEZERRA|1058||62028855991||2313005||R Coronel JosÚ Cavalcante||DISTRITO DE PASTA|Centro|
|0150|800007295|M.L. DO NORDESTE LTDA|1058|04871016000120||57306324|2905701||QUADRA F,LOTE 01 A 18 S/N||||
|0150|800007296|GEPPOS RESTAURANTE LTDA|1058|72451586000111||069562210|2304400||R Júlio Ibiapina|50|LOJA 01/02|Meireles|
|0150|800007297|CASA DE CRIANCA ESCOLA CRECHE|1058|41393240000180|||2304400||R. Joaquim Nabuco|2725||Dionisio Torres|
|0150|800007298|MARIA DO SOCORRO COSTA BRILHANTE|1058||24495085387||2304400||R Firmino Rocha Aguiar|800||Guararapes|
|0150|800007299|REGIANE MA.PEREIRA DA SILVA|1058||24256237526||2304400||R Paulo Faustino|151||Engenheiro Luciano Cavalc|
|0150|800007300|MARTA MARIA CORREIA TOMAS|1058||10504125320||2304400||R Coronel Linhares|250|250/100|Meireles|
|0150|800007301|BORIS TRADING LINC|1058|07489282000181|||2304400||Av Dom Luís|300|LOJA 104||
|0150|800007302|VALOR ASSESSORIA E CONSULTORIA LTDA|1058|10490579000171|||2304400||R Margarida Queiros|855||Cidade dos Funcionários|
|0150|800007304|MARIETE XIMENES|1058||53178508864||2304400||R Barão de Aracati|2150||Joaquim Távora|
|0150|800007305|JOYCE ROSA MOREIRA SILVEIRA|1058||73152312938||2304400||R EfÚsio|453|A|Engenheiro Luciano Cavalc|
|0150|800007307|MIRELLA CARREIA TOMAS|1058||76764524300||2304400||R Osvaldo Cruz|918||Meireles|
|0150|800007308|WILSON ROBERTO ALVES|1058||80511309872||2304400||R Barbosa de Freitas|200||Meireles|
|0150|800008026|LOJAS CARROSSEL COM. E REP.LTDA|1058|23455967000597||066697743|2304400||WASHINGTON SOARES||85 TERREO L.58A085|Edson Queiroz|
|0150|800008028|WHIRLPOOL S.A.|1058|59105999000348||587083307116|3543907||Av 80 A|777||Distrito Industrial|
|0150|800008062|MIMO IMPORTACOES E EXPORTACOES LTDA|1058|05330305000185||116485490110|3550308||Av Otaviano Alves de Lima|109|||
|0150|800008072|C.ROLIM ENGENHARIA LTDA.-011856|1058|35094382000144||068629192|2304400||RUA PEDRO BORGES 20 TERRACO 2|01|3455.8000|CENTRO|
|0150|800008075|CBI INDUSTRIA E COMERCIO LTDA.|1058|02093397000481||78406801|3304144||RUA E||S/NLOTE 1 QUADRA 3|CAMPO ALEGRE|
|0150|800008079|MARINA LEMOS BEZERRA|1058||02209783364||2304400||R Professor Vicente Silveira|100|BL-B4||
|0150|800008080|ATONIO AFRANIO MARTINS MESQUITA|1058||39130924391||2304400||R Monsenhor Bruno|550|||
|0190|UN|unidad|
|0200|030053|REF.BRASTEMP F.FREE 420L BRM42 BR|||UN|00||||||
|0200|030130|REF.BRASTEMP F.FREE 352L BRM39 INOX|||UN|00||||||
|0200|030133|REF.BRASTEMP F.FREE 352L BRM39 BR|||UN|00||||||
|0200|030253|SEC.BRASTEMP/PISO ROTAT.BSR10A BR|||UN|00||||||
|0200|030333|LAVAROUPA BRASTEMP 11KG BWL11 INOX|||UN|00||||||
|0200|030353|LAVASECA BRASTEMP 7kg/4Kg BWS24 PRATA|||UN|00||||||
|0200|030363|LAVAROUPA BRASTEMP 8KG BWB08A|||UN|00||||||
|0200|030373|LAVAROUPA TOTAL BRASTEMP 9KG BWL09A|||UN|00||||||
|0200|030383|LAVAROUPA BRASTEMP 11Kg BWL11 BR|||UN|00||||||
|0200|030433|FOGAO BRASTEMP CLEAN 4B BFO50BB BR|||UN|00||||||
|0200|030443|FOGAO BRASTEMP CLEAN 6B BFO76BB BR|||UN|00||||||
|0200|030450|FOGAO BRASTEMP CLEAN 4B BFO50 INOX|||UN|00||||||
|0200|030460|FOGAO BRASTEMP CLEAN 6B BFO76 INOX|||UN|00||||||
|0200|030473|AR SPLIT BRASTEMP 9000BTU BBV09/BBY09|||UN|00||||||
|0200|030483|AR SPLIT BRASTEMP 12000BTU BBV12/BBY12|||UN|00||||||
|0200|030523|DEPURADOR BRASTEMP DE VILLE 4B BAA60|||UN|00||||||
|0200|030533|DEPURADOR BRASTEMP DE VILLE 6B BAA80|||UN|00||||||
|0200|030553|DEPUR.BRASTEMP QUALITY 6B XAT80 INOX|||UN|00||||||
|0200|030910|COOKTOP BRASTEMP 5B GAS VIDRO BDD76|||UN|00||||||
|0200|030940|FRIGO.BRASTEMP PORT/VIDRO 80L BZA08|||UN|00||||||
|0200|030960|ADEGA BRASTEMP 12GARRFAS BZC12 PRETA|||UN|00||||||
|0200|030970|FRIGOBAR BRASTEMP 120L BRC12X INOX|||UN|00||||||
|0200|031073|FOG.BRAST.ATIVE EMB.5B TIME BY776 BR|||UN|00||||||
|0200|031170|FOG.BRASTEMP ATIVE 5B EMB. BY776 INOX|||UN|00||||||
|0200|031240|ASPIRADOR PO BRASTEMP CLEAN B7B14A|||UN|00||||||
|0200|040013|REF.CONSUL F.FREE 360L CRB36 BR|||UN|00||||||
|0200|040053|REF.CONSUL 360L DUPLEX CRD36F BR|||UN|00||||||
|0200|040103|FREEZER CONSUL 260L CVU26D BR|||UN|00||||||
|0200|040133|FRIGOBAR CONSUL 120L CRC12A BR|||UN|00||||||
|0200|040173|FREEZER CONSUL 200L CVU20D BR|||UN|00||||||
|0200|040183|FREEZER CONSUL 100LTS CVT10B BRANCO|||UN|00||||||
|0200|040213|REF.CONSUL F.FREE 330L CRM33A BR|||UN|00||||||
|0200|040223|REF.CONSUL F.FREE 370L CRM37 BR|||UN|00||||||
|0200|040280|AR COND.CONSUL 12000 CCY12A C/CONTROLE|||UN|00||||||
|0200|040290|AR COND.CONSUL 10000 CCN10 C/CONT.|||UN|00||||||
|0200|040383|FOG.CONSUL FACILITE 4B CF550 INOX|||UN|00||||||
|0200|040393|FOG.CONSUL FACILITE 6B CF576 INOX|||UN|00||||||
|0200|040423|LAVAROUPA CONSUL 7KG CWI07 BR|||UN|00||||||
|0200|040440|DEPURADOR CONSUL 6B CAT80 INOX|||UN|00||||||
|0200|040520|AR SPLIT CONSUL 12000BTU CBV12/CBY12|||UN|00||||||
|0200|040550|ASPIRADOR PO CONSUL LEVE C7P13B|||UN|00||||||
|0200|040560|ASPIRADOR PO CONSUL SUPER C7A14A|||UN|00||||||
|0200|050610|FOGAO CONT.SPLENDIDO 6B INOX|||UN|00||||||
|0200|090240|GRILL/SANDUICHEIRA NKS I-15 PRETA/IN|||UN|00||||||
|0200|100160|GELAGUA ESMALTEC EGC35B INOX PR|||UN|00||||||
|0200|100200|GELAGUA COLUNA ESMALTEC EGC35B|||UN|00||||||
|0200|100210|GELAGUA MESA ESMALTEC EGM30 BR|||UN|00||||||
|0200|120020|LIQUIDIFICADOR C/FILTRO MONDIAL L-51|||UN|00||||||
|0200|120060|PANIFICADORA MONDIAL PF-51|||UN|00||||||
|0200|120080|VENTILADOR COLUNA 40CM MONDIAL V-61|||UN|00||||||
|0200|120090|VENTILADOR 30CM MONDIAL NV-31|||UN|00||||||
|0200|120110|CIRCULADOR TORRE MONDIAL CT-01|||UN|00||||||
|0200|180203|F.MIC.PANASONIC FAMILY 35L NN-ST669|||UN|00||||||
|0200|180280|TEL.S/FIO PANASONIC KXTG1371(1,9GHz)|||UN|00||||||
|0200|180290|TELEF.BINA PANASONIC KXTG1381(1,9GHZ)|||UN|00||||||
|0200|180580|RAMAL/SECRET.PANASONIC KX-TG6522|||UN|00||||||
|0200|180590|TEL.RAMAL/BINA PANASONIC KX-TG6512|||UN|00||||||
|0200|180770|TV PANASONIC LCD DTV 32 TC-L32C30B|||UN|00||||||
|0200|180920|SUPORTE P/TV LCD 17 A 60 FIXO|||UN|00||||||
|0200|220143|LAVAROUPA ELECTROLUX 6KG LTE06|||UN|00||||||
|0200|220183|LAVAROUPA ELECTROLUX 9KG LTE09|||UN|00||||||
|0200|220370|FOG.ELECTROLUX 2xFORNO 4B INOX 56DTX|||UN|00||||||
|0200|290060|FORNO ELETRICO SUGGAR 23L FE2322 INOX|||UN|00||||||
|0200|290190|SANDUICHEIRA SUGGAR SD-2022|||UN|00||||||
|0200|290220|LIQUID.SUGGAR LIQMAX LQ2222|||UN|00||||||
|0200|290230|GRILL COOK PRESS SUGGAR GR2042|||UN|00||||||
|0200|290260|JARRA ELETRICA SUGGAR JR1002|||UN|00||||||
|0200|290290|PANELA ELETRICA SUGGAR PE1022|||UN|00||||||
|0200|330050|FERRO WALITA AUTOMATICO RI133|||UN|00||||||
|0200|330090|BATEDEIRA WALITA RI7110|||UN|00||||||
|0200|330210|LIQUID. WALITA 2V RI2008|||UN|00||||||
|0200|330250|SANDUIC.WALITA GRILL 2386 PANINI|||UN|00||||||
|0200|500561|PICADOR/CEBO.BLACK WHITE MIMO SF9213|||UN|00||||||
|0200|501850|LIXEIRA TELA 26CM MIMO ALX03|||UN|00||||||
|0200|502030|SACA ROLHA EMBORRACHADO MIMO AC9188|||UN|00||||||
|0200|502191|BAND./ALCA ONDUL.INOX PQ MIMO BJ1104|||UN|00||||||
|0200|502201|BAND./ALCA OVAL INOX GR MIMO BJ1106|||UN|00||||||
|0200|502383|PRENDEDOR/ALIM.SILIC.4PC.MIMO SN1064|||UN|00||||||
|0200|650200|PROTETOR P/GARRAFAO AQUAXIQUE|||UN|00||||||
|0200|710020|ESCORREDOR 20PRATOS MAK INOX|||UN|00||||||
|0200|890210|JG.6PANELAS TRAMONT.INOX 65510/200|||UN|00||||||
|0200|910782|JG.6TACAS CLAUDIA V.BRANCO RICAELLE|||UN|00||||||
|0200|910785|JG.6TACAS CLAUDIA CHAMPANHE RICAELLE|||UN|00||||||
|0200|950010|FOGAO GAS PORTATIL CHEFS YOI PRETO|||UN|00||||||
|0200|950310|CHURRASQ.ELET.FISCHER GRILL 4513|||UN|00||||||
|0200|040123|FRIGOBAR CONSUL 80L CRC08A BR|||UN|00||||||
|0200|100220|GELAGUA MESA ESMALTEC EGM30 ESTILO|||UN|00||||||
|0200|180380|MINI SYSTEM PANASONIC SC-AKX80|||UN|00||||||
|0200|500720|ABRIDOR DE LATA MIMO ASA10|||UN|00||||||
|0200|030093|FREEZER BRASTEMP F.F 280L BVR28 BR|||UN|00||||||
|0200|030123|REF.BRASTEMP INVERSE 422L BRE50 INOX|||UN|00||||||
|0200|031120|COIFA BRASTEMP BAI60 INOX|||UN|00||||||
|0200|031160|FOG.BRAST.ATIVE 5B TIMER BF776 INOX|||UN|00||||||
|0200|031190|FOG.BRASTEMP.ATIVE 4B GRILL BF850 BR|||UN|00||||||
|0200|040203|REF.CONSUL F.FREE 330 CRM33 INOX|||UN|00||||||
|0200|330030|LIQ.WALITA 3V FILTRO/ESPATULA RI2034|||UN|00||||||
|0200|710190|PORTA GUARDANAPOS PEQ.MAK-INOX|||UN|00||||||
|0200|880030|FRIGIDEIRA 24 PROFIS.MULT.46024|||UN|00||||||
|0200|890520|JG.P/SERVIR TP/VIDRO TRAMONT.3PCS 64310|||UN|00||||||
|0200|890550|JG.PANELAS TRAMONT.5PCS 65650700|||UN|00||||||
|0200|200360|DVD PHILIPS KARAOKE/MIC.DVP-3350KMX|||UN|00||||||
|0200|031030|FOG.BRASTEMP ATIVE EMB.4B INOX BY750|||UN|00||||||
|0200|040143|REF.CONSUL DEGELO SECO 300L CRA30 BR|||UN|00||||||
|0200|680940|QUEIJEIRA VERONA SOYUS|||UN|00||||||
|0200|840620|PRATO GIRAT.35CM BENC.740|||UN|00||||||
|0200|840980|PRATO GITATORIO 45CM BENC.74107|||UN|00||||||
|0200|180390|DVD HOME THEATER PANASONIC SC-PT580LB|||UN|00||||||
|0200|030870|REF.BRAST.SIDE BY SIDE 620L BRS62 INOX|||UN|00||||||
|0200|500281|JG.SOBREMESA 7PCS MIMO ATB7|||UN|00||||||
|0200|500340|PENEIRA INOX 10CM MIMO AP10|||UN|00||||||
|0200|500630|CORTADOR/QUEIJO MIMO ASA12|||UN|00||||||
|0200|501110|FAQUEIRO 72PCS MIMO MAL.AT72A/AT1072A|||UN|00||||||
|0200|950300|CHURRASQ.ELET.FISCHER SWIFT 4665|||UN|00||||||
|0200|120050|GRILL PREMIUM MONDIAL G-01|||UN|00||||||
|0200|180253|F.MIC.PANASONIC PERFECT NN-ST568|||UN|00||||||
|0200|180263|F.MIC.PANASONIC PICCOLO NST369 LIGHT|||UN|00||||||
|0200|220403|FOGAO ELECTROLUX 5B 76STX INOX|||UN|00||||||
|0200|330020|LIQUIDIFICADOR WALITA 3V RI2035/00|||UN|00||||||
|0200|710010|ESCORREDOR 16PRATOS MAK INOX|||UN|00||||||
|0200|030880|REF.BRASTEMP F.FREE 470L BRM47 INOX|||UN|00||||||
|0200|040233|REF.CONSUL F.FREE 450L CRM45 INOX|||UN|00||||||
|0200|050683|REFRIG. CONTINENTAL 270L RC27 BR|||UN|00||||||
|0200|051320|FOGAO BOSCH EXPR.GRIL 5B EM.INOX HEK|||UN|00||||||
|0200|902430|RECHAUD RETAG.3L INOX FULL 13071|||UN|00||||||
|0200|030343|LAVAROUPA BRASTEMP SS 9KG BWX09 INOX|||UN|00||||||
|0200|040453|LAVAROUPA CONSUL 6KG CWI06 BR|||UN|00||||||
|0200|680660|SALADEIRA PANDORA 360 SOYUS|||UN|00||||||
|0200|150420|VENTILADOR MALLORY ZEFIRO 40CM|||UN|00||||||
|0200|180550|DVD HOME THEATER PANASONIC SC-PT75LB|||UN|00||||||
|0200|820190|JG.4PRATO SOBREMESA QUADRIF.183|||UN|00||||||
|0200|710410|GANCHOS P/BARRA/UTENS. MAK-INOX|||UN|00||||||
|0200|950262|BANDEJA 42X29 YOI GIRAFA/ZEBRA M|||UN|00||||||
|0200|901541|TABUA/FACA/VID/QUEIJO 30C FULL 16648|||UN|00||||||
|0200|030143|FREEZER BRASTEMP 240L BVG24G BR|||UN|00||||||
|0200|030830|FREEZER BRASTEMP F.F 280L BVR28 INOX|||UN|00||||||
|0200|030850|REF.BRASTEMP ALL 360L BRF36 INOX|||UN|00||||||
|0200|031110|F.MIC.BRASTEMP KING SIZE 38L BMX40 INOX|||UN|00||||||
|0200|040360|CLIMATIZADOR CONSUL PORTATIL CIF06AB|||UN|00||||||
|0200|040530|AR SPLIT CONSUL 9000BTU CBV09/CBY09|||UN|00||||||
|0200|040540|AR SPLIT CONSUL 18000BTU CBV18/CBY18|||UN|00||||||
|0200|200370|MICRO SYSTEM PHILIPS MCM-166X/78|||UN|00||||||
|0200|290033|DEPURADOR SUGGAR SIRIUS 4B DS62 BR|||UN|00||||||
|0200|290053|DEPURADOR SUGGAR SIRIUS 6B DS82 BR|||UN|00||||||
|0200|290210|PASSADEIRA SUGGAR/VAPOR/PROF.PV6282|||UN|00||||||
|0200|290250|BATEDEIRA BATPLUS SUGGAR BT9022 INOX|||UN|00||||||
|0200|502391|DESCANSO/UTENSIL.SILIC.MIMO SN1069|||UN|00||||||
|0200|660230|GARRAFA TERM.MELODY QUICK 1L COLOR|||UN|00||||||
|0200|710370|ESCORREDOR P/12PRATOS INOX MAK-INOX|||UN|00||||||
|0200|710380|ESCORREDOR/COPOS INOX MAK-INOX|||UN|00||||||
|0200|902284|TRAVESSA PORCEL.ALCA 40CM FULL 16212|||UN|00||||||
|0200|902511|JG.6TACAS SOBREMESA VEGA FULL 56589|||UN|00||||||
|0200|500082|JG.4TACAS SILVER P/AGUA MIMO TCS02|||UN|00||||||
|0200|500550|PA PARA BOLO MIMO ASA15|||UN|00||||||
|0200|120170|KIT COZINHA COMPLETA MONDIAL KT06|||UN|00||||||
|0200|290270|FERRO MADRI SUGGAR S/FIO FR4022|||UN|00||||||
|0200|950231|JG.PANELAS VM ASD 4PCS YOI 9531|||UN|00||||||
|0200|500610|FACA 23CM MIMO ASA39|||UN|00||||||
|0200|902250|FRIG.28CM CABO/SILICONE FULL 14888|||UN|00||||||
|0200|160110|CAFETEIRA PROGRAM.OSTER 24XIC.4281|||UN|00||||||
|0200|950071|PALITEIRO YOI ATHOS OMD303|||UN|00||||||
|0200|290170|MAQUINA/GELO SUGGAR MG-1022 PRATA|||UN|00||||||
|0200|500350|PENEIRA INOX 14CM MIMO AP14|||UN|00||||||
|0200|500370|PENEIRA INOX 18CM MIMO AP18|||UN|00||||||
|0200|030073|REF.BRASTEMP F.FREE 470L BRM47 BR|||UN|00||||||
|0200|180540|FAC-SIMILE PANASONIC KX-FT932|||UN|00||||||
|0200|902450|RECHAUD P/SOPA 4L FULL 13342|||UN|00||||||
|0200|660020|GARRAFA TERM.ELLIPSE 600ML|||UN|00||||||
|0200|910810|JG.30 TACAS LAURA RICAELLE LA030|||UN|00||||||
|0200|970120|JG.JANTAR 20PCS 2FILETES D1442 CONTHEY|||UN|00||||||
|0200|502382|PRENDEDOR/EMB.SILIC.4PCS MIMO SN1063|||UN|00||||||
|0200|030393|LAVAROUPA BRASTEMP ATIVE MJ 9K BWT09|||UN|00||||||
|0200|105103|JG.POTES 2PCS C/TP GUINDER 8058|||UN|00||||||
|0200|502393|PINCEL SILIC.CB.ACRIL.MIMO SN1080|||UN|00||||||
|0200|890360|FAQUEIRO LAGUNA 42PCS TRAMOT.66906/774|||UN|00||||||
|0200|890370|FAQUEIRO LAGUNA 76PCS TRAMOT.66906/30|||UN|00||||||
|0200|120150|LIQUIDIFICADOR 2V MONDIAL L-26|||UN|00||||||
|0200|501130|CONCHA MIMO ASA1|||UN|00||||||
|0200|105106|BANDEJA C/ALCA GUINDER 7181|||UN|00||||||
|0200|500510|RALADOR PARA MESA 9 MIMO ASA09|||UN|00||||||
|0200|680930|PRATO P/BOLO VERONA SOYUS|||UN|00||||||
|0200|890380|JG.5PANELAS ALEGRA TRAMONT.65650/300|||UN|00||||||
|0200|120070|CENTRIFUGA JUICE MONDIAL CF-02|||UN|00||||||
|0200|500140|JG UTENCIL.C/7P?S(PAREDE)AS7A MIMO|||UN|00||||||
|0200|813560|GARRAFA TERMICA 1L EDFORT GAF12/14|||UN|00||||||
|0200|890500|JG. P/SERVIR OVAL 3PCS 64510184|||UN|00||||||
|0200|500090|JG.UTENCIL.C/07PCS(GIRAT.)MIMO AS7|||UN|00||||||
|0200|500621|RELOGIO PARED.FAIXA ALUM.MIMO R10118|||UN|00||||||
|0200|940350|KIT CAIPIRINHA PLAST SHOW|||UN|00||||||
|0200|680360|TACA MILANO MEDIA SOYUS|||UN|00||||||
|0200|105301|FAQUEIRO INOX 42PCS GUINDER 42|||UN|00||||||
|0200|105101|CESTO P/COZI/FRIT.GUINDER 5873|||UN|00||||||
|0200|890540|JG.PANELAS TRAMONT.10PCS 65650800|||UN|00||||||
|0200|810060|JG.LICOR EDFORT 7PCS TZC01|||UN|00||||||
|0200|105102|TELA PROTET.P/FRITURA GUINDER 5897|||UN|00||||||
|0200|890321|CACAROLA 2ALCAS INOX TRAMONT. 62653|||UN|00||||||
|0200|030030|REF.BRASTEMP F.FREE 429L BRM48 INOX|||UN|00||||||
|0200|030100|REF.BRASTEMP F.FREE 429L BRM50 INOX|||UN|00||||||
|0200|030103|REF.BRASTEMP F.FREE 429L BRM50 BR|||UN|00||||||
|0200|101494|PUREBOX POTE QUAD. LUMIN. G3182|||UN|00||||||
|0200|200510|DVD HOME THEATER PHILIPS HTS3181|||UN|00||||||
|0200|330010|LIQUID.WALITA 3V FILTRO PP RI2035/10|||UN|00||||||
|0200|330130|PROCESSADOR COMPACTO WALITA RI7620|||UN|00||||||
|0200|840432|JG.FONDUE 300ML BR BENC.40086|||UN|00||||||
|0200|680501|SALADEIRA GRANDE OUTONO SOYUS|||UN|00||||||
|0200|030033|REF.BRASTEMP F.FREE 403L BRM48 BR|||UN|00||||||
|0200|903570|JG.JARRA C/6COPOS DANCE FULL 46183|||UN|00||||||
|0200|813650|PRATO GIRAT.P/QUEIJO EDFORT GL36|||UN|00||||||
|0200|040470|FORNO MIC.CONSUL 25L CMY34 INOX|||UN|00||||||
|0200|680281|QUEIJEIRA BRASIL PEQUENA SOYUS|||UN|00||||||
|0200|500660|JG.SALEI/PALIT.VID/INOX MIMO VD37M|||UN|00||||||
|0200|950141|JG.JANTAR ALLURE SILVER 20PCS YOI|||UN|00||||||
|0200|880180|JG.PANELAS BOX PETIT MULT. 40026|||UN|00||||||
|0200|903140|APARELHO/COZIMENTO/VAPOR FULL 15071|||UN|00||||||
|0200|840840|TRAVESSA QUAD.C/TP VIDRO BENC.40021|||UN|00||||||
|0200|531160|JG.6COPOS TRIOGLASS ROGEMAC 6738|||UN|00||||||
|0200|030223|REF.BRASTEMP GOURMAND 500 BRX50 INOX|||UN|00||||||
|0200|502384|ESCORREDOR RETR.SILIC.GR.MIMO SN1070|||UN|00||||||
|0200|880350|JG.PANELAS 7PCS MULTIFLON 40016|||UN|00||||||
|0200|101491|PUREBOX POTE RETANG. LUMIN. G3185|||UN|00||||||
|0200|101492|PUREBOX POTE RETANG. LUMIN. G3186|||UN|00||||||
|0200|101493|PUREBOX POTE QUAD. LUMIN. G3180|||UN|00||||||
|0200|030283|MINI LAVAROUPA BRASTEMP 1KG BWI01|||UN|00||||||
|0200|030760|FORNO A GAS EMB.BRASTEMP BOA61 INOX|||UN|00||||||
|0200|030770|FORNO ELETRICO BRASTEMP BOB61 INOX|||UN|00||||||
|0200|180270|F.MIC.PANASONIC PICOLO STYLE NNST341|||UN|00||||||
|0200|180273|F.MIC.PANASONIC PERFECT NNST571|||UN|00||||||
|0200|180750|TV PANASONIC LED 42 TC-L42E30B|||UN|00||||||
|0200|501650|CENTRIFUGA/PRESSAO MIMO SF9210|||UN|00||||||
|0200|811330|TERRINE EDFORT RH243|||UN|00||||||
|0200|030900|COOKTOP BRASTEMP 4B GAS VIDRO BDD61|||UN|00||||||
|0200|100063|FOGAO ESMALTEC HAVAII 4B BR 4005|||UN|00||||||
|0200|160140|TORRADEIRA OSTER 6335|||UN|00||||||
|0200|710060|SUPORTE PARA LEITE MARK INOX|||UN|00||||||
|0200|030113|REF.BRASTEMP INVERSE 422L BRE50 BR|||UN|00||||||
|0200|160180|ABRIDOR ELETRICO P/VINHO OSTER 4207|||UN|00||||||
|0200|710360|BANDEJA INOX MAK-INOX|||UN|00||||||
|0200|812800|PRATO P/MASSA EDFORT RH26|||UN|00||||||
|0200|160130|FORNO ELETRICO DIG.OSTER 6292|||UN|00||||||
|0200|050980|REF.BOSCH F.FREE 445L KDN47A INOX|||UN|00||||||
|0200|220660|REFRIG.ELECTROLUX 543L ICE DI80X INOX|||UN|00||||||
|0200|710290|PORTA TALHERES INOX MAKINOX|||UN|00||||||
|0200|880250|CACAROLA 30 PROFIS.MULTIFLON 45130|||UN|00||||||
|0200|030403|FOG.BRASTEMP ATIV.TIMER EMB.4B BY750 BR|||UN|00||||||
|0200|640570|FORMA C/2DIVISOES GERMER|||UN|00||||||
|0200|030951|FRIGOBAR BRASTEMP RETRO BRA08A AMAREL.|||UN|00||||||
|0200|180760|TV PANASONIC LCD 32 TC-L32C5B|||UN|00||||||
|0200|200050|TV PHILIPS LED 3D FULL 40 40PFL9605|||UN|00||||||
|0200|501620|GARFO P/MESA MIMO ATG/AT11G|||UN|00||||||
|0200|890501|JG. P/SERVIR REDONDO 3PCS 64510174|||UN|00||||||
|0200|890530|JG.BAIXELA TRAMONTINA 10PCS 64510020|||UN|00||||||
|0200|903081|FAQ.INOX ATENAS/MALA 75PCS FULL13796|||UN|00||||||
|0200|501540|ESPREMEDOR/BATATA MIMO AC16|||UN|00||||||
|0200|890640|JG.5PANELAS ALEGRA TP/VD TRAMONT.65650/314|||UN|00||||||
|0200|040413|LAVAROUPA CONSUL 7KG CWN07 BR|||UN|00||||||
|0200|710170|SUPORTE P/SORVETE C/PEGADOR MAK-INOX|||UN|00||||||
|0200|890630|JG.BAIXELA TRAMONTINA 8PCS 64510890|||UN|00||||||
|0200|900071|FONDUE GIRAT.INOX 23PCS FULL 16222|||UN|00||||||
|0200|900331|BANDEJA/VIDRO GIRAT.35CM FULL 17248|||UN|00||||||
|0200|820750|JG.4TIGELAS QUADRIF.KC41004|||UN|00||||||
|0200|901410|RECHAUD DUPLO BASE/MAD.FULL 14560|||UN|00||||||
|0200|030950|FRIGOBAR BRASTEMP RETRO BRA08A VERMEL.|||UN|00||||||
|0200|200530|DVD PHILIPS DVP-3820KX/78|||UN|00||||||
|0200|910783|JG.6TACAS CLAUDIA AGUA RICAELLE|||UN|00||||||
|0200|104660|PORTA/COPOS 200ML KOS COLOR 700250|||UN|00||||||
|0200|105070|CREDITO|||UN|00||||||
|0200|500710|ESPREMEDOR DE ALHO MIMO ASA18|||UN|00||||||
|0200|500832|VASO TORCIDO 30CM MIMO VD10186|||UN|00||||||
|0200|812200|ESPAGUETEIRA 4,5L 3PCS EDF.SO505|||UN|00||||||
|0200|500241|RALADOR C/POTE/TAMPA MIMO ASA1175|||UN|00||||||
|0200|500623|RELOG.PARED.BORDA GROSSA MIMO R10122|||UN|00||||||
|0200|501070|ACUCAREIRO PORCELANA MIMO PB930|||UN|00||||||
|0200|500581|FORMA P/BOLO SILICONE MIMO SN11222|||UN|00||||||
|0200|660341|JG.JANTAR BOTANIC 20PCS 043/044|||UN|00||||||
|0200|813000|PETISQUEIRA EDFORT BA009|||UN|00||||||
|0200|970720|JG.PANELAS AGATA 4PCS CONTHEY D14692|||UN|00||||||
|0200|501792|CESTO P/PAO/ALCA CLAR MIMO YK11605|||UN|00||||||
|0200|500632|MOEDOR/SAL/PIMENTA PEQ.MIMO AM1114|||UN|00||||||
|0200|903370|JG.CHURRASCO C/SUP.4PCS FULL 16479|||UN|00||||||
|0200|890460|FAQUEIRO TRAMONT.PACIFIC 30PCS 66962|||UN|00||||||
|0200|811060|JG.LASANHA 3PCS EDFORT LASAGNA|||UN|00||||||
|0200|660651|SUP.P/TRAVESSA INOX M.SHOP 023|||UN|00||||||
|0200|810760|BAIXELA 7PCS EDF.BAX07|||UN|00||||||
|0200|040240|REF.CONSUL F.FREE 437L CRM50 INOX|||UN|00||||||
|0200|090380|TORRADEIRA ELET.NKS M.VOCE TOR-0957|||UN|00||||||
|0200|090390|MIXER DE MAO NKS M.VOCE TSK-590|||UN|00||||||
|0200|090400|CAFETEIRA 14XIC.NKS M.VOCE TSK-225|||UN|00||||||
|0200|090420|FRITADEIRA ELET.NKS M.VOCE DF-300|||UN|00||||||
|0200|090430|EXTRATOR/SUCO NKS M.VOCE TS-212|||UN|00||||||
|0200|120190|CAFETEIRA ELET.MONDIAL 36XIC.C.06|||UN|00||||||
|0200|120200|CAFETEIRA ELET.MONDIAL 14XIC.C.09|||UN|00||||||
|0200|120210|GRILL SANDUICHEIRA MONDIAL S.11|||UN|00||||||
|0200|120220|TOSTADOR DUO MONDIAL NT.01|||UN|00||||||
|0200|120250|MULTI MIXER MONDIAL M.04|||UN|00||||||
|0200|250580|ADEGA GE DUPLEX P/29GARRAFAS AVGEP29|||UN|00||||||
|0200|270030|TV/MON.SAMSUNG 21,5 LED/FULL HD T22A|||UN|00||||||
|0200|270040|TV/MON.SAMSUNG 24 LED/FULL HD T24A|||UN|00||||||
|0200|290083|FORNO ELETRICO SUGGAR 9L FE9022 BR|||UN|00||||||
|0200|330060|LIQ.WALITA 3V FILTRO ACRIL.RI2034/10|||UN|00||||||
|0200|710210|PORTA SACHE MAK-INOX|||UN|00||||||
|0200|900141|VASO CRISTAL 28CM PICADELI FUL.56748|||UN|00||||||
|0200|090360|GRILL/SANDUICHEIRA NKS M.VOCE I10G|||UN|00||||||
|0200|120160|SANDUICHEIRA MONDIAL L.ULTRA S.04|||UN|00||||||
|0200|710330|ABRIDOR MAKINOX|||UN|00||||||
|0200|030580|LAVALOUCA BRASTEMP 8SERV.BLF08ASB PT|||UN|00||||||
|0200|120240|PIPOQUEIRA MONDIAL PP01|||UN|00||||||
|0200|710040|FRUTEIRA ACO INOX MAK INOX|||UN|00||||||
|0200|710140|PORTA FRIOS C/PEGADOR MAK-INOX|||UN|00||||||
|0200|120260|MINI MIXER MIST.DE LIQ.MONDIAL M.05|||UN|00||||||
|0200|710070|PORTA CONCHA MAK-INOX|||UN|00||||||
|0200|840993|JG.P/CHA&CAFE 9PCS BENCAF. 59005|||UN|00||||||
|0200|500010|ACUCAREIRO AC705 MIMO|||UN|00||||||
|0200|120230|LIQUIFICADOR ELETRON.MONDIAL L.90|||UN|00||||||
|0200|903160|BAND.VID.GIRAT.45CM FULL 16658/17247/49|||UN|00||||||
|0200|090440|EXTRATOR/SUCO NKS M.VOCE TS-260|||UN|00||||||
|0200|120270|LIQUIDIFICADOR MONDIAL 2COPOS L.52|||UN|00||||||
|0200|120280|MULTI PROCESSADOR MONDIAL MINI MP02|||UN|00||||||
|0200|220200|LAVALOUCA ELECTROLUX 9SERV.LE09X INOX|||UN|00||||||
|0200|500582|FORMA P/PUDIM SILICONE MIMO SN11220|||UN|00||||||
|0200|500731|JG.JANTAR DIVERS.20PCS MIMO 20GR1145|||UN|00||||||
|0200|500734|JG.AMERICANO CORINO 4PCS JA11209|||UN|00||||||
|0200|500951|PETISQ.C/BASE MAD.7PCS MIMO PB10137|||UN|00||||||
|0200|500952|TABUA/QUEIJO/POTE/FACA MIMO PE1030|||UN|00||||||
|0200|501150|COLHER P/SPAGHETTI MIMO ASA5|||UN|00||||||
|0200|501610|COLHER P/ARROZ MIMO ATA/AT11A|||UN|00||||||
|0200|501798|CESTO OVAL GR. CLARO MIMO YK11623|||UN|00||||||
|0200|502386|DESCANS/PANEL.DOBRAV.SIL.MIMO SN1065|||UN|00||||||
|0200|502392|ESPATU.GR.SILIC.CB.ACRIL.MIMO SN1078|||UN|00||||||
|0200|700420|PEGADOR/SALADA HUDSON INOX PR3249|||UN|00||||||
|0200|950084|PORTA TALHER/ALCA YOI|||UN|00||||||
|0200|090450|GRILL/SANDUICHEIRA NKS M.VOCE I-15|||UN|00||||||
|0200|500232|SACA ROLHA MIMO AZ9185|||UN|00||||||
|0200|500549|PORTA RETRATO METAL 10X15 MIMO PF991|||UN|00||||||
|0200|500871|JG.LICOREIRA+4TACAS MIMO VD11852|||UN|00||||||
|0200|501071|JG.DE CHA 15PCS SILVER MIMO 15L9181|||UN|00||||||
|0200|501621|COLHER P/CAFE MIMO AT11VCF|||UN|00||||||
|0200|501783|CESTO RETANGULAR GRANDE MIMO YK1132|||UN|00||||||
|0200|502320|JG.GALHETEIRO 4PCS HORIZ.MIMO PH804|||UN|00||||||
|0200|502385|ESCORREDOR RETR.SILIC.PQ.MIMO SN1071|||UN|00||||||
|0200|890650|JG.5PANELAS SOLAR TRAMONT.65510/400|||UN|00||||||
|0200|970170|JG.6XICARA CAFE 2FILETES D1451 CONTHEY|||UN|00||||||
|0200|500811|RALADOR 4FACES 6 MIMO ASA1176|||UN|00||||||
|0200|501782|CESTO RETANGULAR MEDIO MIMO YK1132|||UN|00||||||
|0200|500733|FONDUE P/CHOCOLATE MIMO AFC1104|||UN|00||||||
|0200|890371|FAQUEIRO LAGUNA 91PCS TRAMOT.66906/890|||UN|00||||||
|0200|501794|CESTO RET.CLARO 28X16X12MIMO YK11607|||UN|00||||||
|0200|950082|JARRA C/ALCA 1L YOI COLOR|||UN|00||||||
|0200|500101|JOGO TALHERES MIMO 24PCS AT1124A|||UN|00||||||
|0200|500212|RECHAUD RETANG.PORC.36CM MIMO PB960G|||UN|00||||||
|0200|500624|RELOG.PARED.BORDA FINA MIMO R10120|||UN|00||||||
|0200|501781|CESTO RETANGULAR PEQ.MIMO YK1132|||UN|00||||||
|0200|030720|COOKTOP BRASTEMP 4B 60CM BDA61 IN|||UN|00||||||
|0200|500211|RECHAUD OVAL PORC. 34CM MIMO PB959|||UN|00||||||
|0200|500625|RELOG.PARED.BORDA MED.G. MIMO R10125|||UN|00||||||
|0200|760051|FRUTEIRA C/PE BRILHANTE 06/305/34|||UN|00||||||
|0200|820710|ESCUMADEIRA TELA QUADRI. KDK3008|||UN|00||||||
|0200|501930|CANTIL/BOLSO INOX/WISKY MIMO AW8|||UN|00||||||
|0200|950081|JARRA BRANCA YOI PEQUENA 4964|||UN|00||||||
|0200|710350|SUPORTE P/SUCO MAK-INOX|||UN|00||||||
|0200|220480|F.ELETRICO LATERAL ELECTROLUX OE6SX|||UN|00||||||
|0200|501793|CESTO RET.CLARO 29X20X14MIMO YK11603|||UN|00||||||
|0200|501797|CESTO OVAL MED. CLARO MIMO YK11621|||UN|00||||||
|0200|950083|PORTA SASHE/LOUCA YOI BR|||UN|00||||||
|0200|500732|JG.JANTAR 16PCS MIMO PRETO 16G1112|||UN|00||||||
|0200|501795|BANDEJ.MED.CLARO 39X25X5MIMO YK11613|||UN|00||||||
|0200|501796|CESTO OVAL CLARO MIMO YK11619|||UN|00||||||
|0200|531580|BANDEJA 44X34CM BALLS 8033 ROGEMAC|||UN|00||||||
|0200|950085|DESCANSO P/TRAVESSA QUADRADO YOI|||UN|00||||||
|0200|10000|MATERIAL DE USO E CONSUMO|||UN|07||||||
|0200|950460|COIFA PARED FISCHER TALENT 60cm.9347|||UN|00||||||
|0200|650720|TOALHA MESA REDON.NATAL 1,60CM YANGZI|||UN|00||||||
|0200|650190|XIC.CAFE MELAN. NATALINO YANGZI|||UN|00||||||
|0200|501140|COLHER P/ARROZ MIMO ASA2|||UN|00||||||
|0200|813440|MEDIDOR 600ML EDFORT GL321|||UN|00||||||
|0200|910781|JG.6TACAS CLAUDIA V.TINTO RICAELLE|||UN|00||||||
|0200|890350|CUSCUZEIRA INOX TRAMOTINA 65650|||UN|00||||||
|0200|902901|JG.P/QUEIJO/PAES/TABUA FULL 17362|||UN|00||||||
|0200|031260|F.MIC.BRASTEMP OVEN GRIL 30L BMT45 INOX|||UN|00||||||
|0200|500500|COLHER P/SORVETE MIMO ASA13|||UN|00||||||
|0200|502202|BAND.REDONDA/ALCA INOX MIMO BJ1107|||UN|00||||||
|0200|701080|ESPELHO CROMADO/PE HUDSON WE168921|||UN|00||||||
|0200|500421|BATEDOR DE OVO FUET MIMO ASA29|||UN|00||||||
|0200|031130|COIFA BRASTEMP BAI91 INOX|||UN|00||||||
|0200|090220|CENTRIFUGA NKS TSK445 BRANCA|||UN|00||||||
|0200|701180|PEGADOR SALADA HUDSON FK41812|||UN|00||||||
|0200|330140|ESPREMEDOR WALITA RI2745|||UN|00||||||
|0200|502371|SUPORTE/PAREDE/UTENS.MIMO ASA9157|||UN|00||||||
|0200|840480|BANDEJA VIDRO/MAD.BENC.74050|||UN|00||||||
|0200|160170|LIQUIDIFICADOR OSTERIZER 3V.4655|||UN|00||||||
|0200|031200|FOG.BRASTEMP 5B GOUR.EMB.BY976 INOX|||UN|00||||||
|0200|903163|BANDEJA GIRAT.BAMBU 60CM FULL 17183|||UN|00||||||
|0200|812990|PETISQUEIRA EDFORT BA008|||UN|00||||||
|0200|910541|PORTA TEMPERO RICAELLE 12PCS BG2567|||UN|00||||||
|0200|811930|JG.P/LANCHE 3PCS EDF.KA0|||UN|00||||||
|0200|810352|PROTETOR P/ALIMENTO 30CM EDF.GL406|||UN|00||||||
|0200|150040|VENTILADOR MALLORY BOREAL 30CM|||UN|00||||||
|0200|250520|ADEGA GE P/23 GARRAFAS AVGEP23|||UN|00||||||
|0200|810422|JG.FORMA PORC.CORACAO EDF.VM US020|||UN|00||||||
|0200|902171|JG.JANTAR PORC.42PCS RAIN FUL.15416|||UN|00||||||
|0200|031150|FOG.BRASTEMP ATIVE 5B GRILL BF876 BR|||UN|00||||||
|0200|740300|KIT CANETA/ABRIDOR/VINHO PALAN.TMH966|||UN|00||||||
|0200|813370|BALDE P/PIPOCA PLAST.EDF.GRANDE SX96|||UN|00||||||
|0200|890610|PANELA PRESSAO/CESTO TRAMONT.62516222|||UN|00||||||
|0200|900043|JG.BALDE E 6COPOS FULL 46190|||UN|00||||||
|0200|040570|ASPIRADOR PO CONSUL FACILITE C7P14A|||UN|00||||||
|0200|950120|JG.AMERICANO 4PCS YOI AHG479|||UN|00||||||
|0200|702120|COLHER DE MEDIDA HUDSON PR3490|||UN|00||||||
|0200|902270|FRIG.WOK TP/VIDRO 32CM FULL 13892|||UN|00||||||
|0200|701990|TAMPA/CONSERVAR VINHO HUDSON JO06001|||UN|00|39235000|||||
|0200|502340|JG.3POTES PORC.HORIZ.MIMO PH803|||UN|00||||||
|0200|700881|CLIPS P/FECHAR RACAO HUDSON EVKCLP|||UN|00||||||
|0200|900213|GARFO NYLON CABO INOX FULL.12624|||UN|00||||||
|0200|902904|SALEIRO TULIPA FULL 17486|||UN|00||||||
|0200|031283|FOG.BRAST.ATIVE GRIL EMB.5B BY876INOX|||UN|00||||||
|0200|090370|PRES.GRIL TP/VID.NKS M.VOCE TSK-2161|||UN|00||||||
|0200|180320|TELEFONE PANASONIC KX-TS9LBW|||UN|00||||||
|0200|180460|DVD HOME THEATER PANASONIC SC-XH170LBK|||UN|00||||||
|0200|050830|DEP.BOSCH PROFESSIONAL 4B DHB645 INOX|||UN|00||||||
|0200|500820|ESCUMADEIRA MIMO ASA3|||UN|00||||||
|0200|500770|DESCASCADOR/LEGUMES MIMO ASA22|||UN|00||||||
|0200|812450|ACUCAREIRO EDFORT SN10|||UN|00||||||
|0200|903480|COOLER P/LATINHA VD/AM FULL 1657|||UN|00||||||
|0200|710400|BARRA 80CM C/6GANCHOS INOX MAK-INOX|||UN|00||||||
|0200|910480|P/RETRATO RENDADO RICAELLE 72939|||UN|00||||||
|0200|890341|CONJ.FACAS INOX 2PCS TRAMOTINA 23899|||UN|00||||||
|0200|500558|PORTA RETRATO ACO 10X15 MIMO PF9102|||UN|00||||||
|0200|701170|TAMPA PLAST.VACUO HUDSON EVWPR|||UN|00||||||
|0200|500611|FACA MULTI.C/CABO COLOR MIMO ALA1082|||UN|00||||||
|0200|690313|PRATO/VIDRO 30X20 GS.1010|||UN|00||||||
|0200|690312|PRATO/VIDRO 25X25 GS.1003/1004/1005|||UN|00||||||
|0200|690300|PRATO QUADRADO 30CM 1019/06/07/08 GS|||UN|00||||||
|0200|890390|FAQUEIRO/EST.101PCS TRAMOT.66932/865|||UN|00||||||
|0200|031020|FOG.BRASTEMP ATIVE MAX.4B INOX BF760AR|||UN|00||||||
|0200|811990|PEGADOR UNIV.26CM EDF.GL224 AZ|||UN|00|00000000|||||
|0200|902610|JG.30TACAS BOHEMIA JULIA FULL 55600|||UN|00||||||
|0200|501570|TESOURA P/FRANGO LUXO MIMO ASA57|||UN|00||||||
|0200|520440|BALDE GELO VINO CURVA ALIMP.B32514|||UN|00||||||
|0200|760061|FRUTEIRA C/PE BRILHANTE 06/393/27|||UN|00||||||
|0200|520200|JG/JANTAR 20PCS AMARYGE ALIMP.P196120|||UN|00||||||
|0200|180190|F.MIC.PANASONIC FLAT PANAG.NNGF580 PR|||UN|00||||||
|0200|290300|CAFETEIRA SUGGAR 20XIC.INOX CF2022|||UN|00||||||
|0200|290340|MIXER SUGGAR MX2022|||UN|00||||||
|0200|501080|ESPATULA FECHADA MIMO ASA6|||UN|00||||||
|0200|901510|ESPATULA VAZADA FULL 13240|||UN|00||||||
|0200|812780|MOLHEIRA 15CM EDFORT TZB36|||UN|00||||||
|0200|030303|LAVALOUCA BRASTEMP 12SERV.BLE12 BR|||UN|00||||||
|0200|290080|FORNO ELETRICO SUGGAR 9L FE9022 PRETO|||UN|00||||||
|0200|810860|FACA DO CHEFE 8 EDF.GL179|||UN|00||||||
|0200|950050|JG.CHA AMAZONAS HA18003BT 6PCS YOI|||UN|00||||||
|0200|813550|GARRAFA TERMICA 1L COLOR EDFORT GAF|||UN|00||||||
|0200|950400|COOKTOP INOX 4B FISCHER 4720-9548|||UN|00||||||
|0200|500050|CAFETEIRA ALUM.P/9 XIC.MIMO AF09|||UN|00||||||
|0200|880360|FRIG.DUPLA MEIA LUA MULTIFLON 55624|||UN|00||||||
|0200|810353|PROTETOR P/ALIMENTO 35CM EDF.GL407|||UN|00||||||
|0200|902811|COFRE/PORQUINHO FULL 15462|||UN|00||||||
|0200|180243|F.MIC.PANASONIC STYLE NNGD587 INOX|||UN|00||||||
|0200|820640|DOSADOR P/GARRAFA 2PCS QUAD.KCD9|||UN|00||||||
|0200|510951|COPO P/CERVEJA AVULSO|||UN|00||||||
|0200|813360|BALDE P/PIPOCA PLAST.EDF.MEDIO SX96|||UN|00||||||
|0200|901312|JG.6COPOS 37ML C.BLANCA FULL 46180|||UN|00||||||
|0200|810380|BANDEJA 40CM EDF. RPL05|||UN|00||||||
|0200|900954|JG.6 COLHERES/COQUET.SORV.FULL.16272|||UN|00||||||
|0200|880300|TAMPA ALUMINIO 32 MULTIF. 37032|||UN|00||||||
|0200|901940|TABUA/VIDRO/SORTID.30X40 FULL|||UN|00||||||
|0200|850050|CHAPA DUPLA FACE 280X230 FUMIL|||UN|00||||||
|0200|660480|JG.6TACA BALLON 200ML M.CASS 0256|||UN|00||||||
|0200|901930|TABUA/VIDRO/SORTID.20X30 FULL|||UN|00||||||
|0200|902810|COFRE/CARRINHO FULL 1546|||UN|00||||||
|0200|660590|JG.6COPOS MARTIGUES M.SHOP 0265|||UN|00||||||
|0200|180400|MINI SYSTEM PANASONIC SC-AKX10|||UN|00||||||
|0200|811400|JG.3CASTICAIS EDF.TZS74 30.40.50|||UN|00||||||
|0200|031140|F.MIC./ELET.BRASTEMP 31L BMD35 ALUM.|||UN|00||||||
|0200|950450|F.MICROONDAS FISCHER EMB.INOX 6946|||UN|00||||||
|0200|903161|BANDEJA VID.GIRAT.60CM FULL 16583|||UN|00||||||
|0200|030923|DEP.BRASTEMP EMB.4B VIDRO BAG60 BR|||UN|00||||||
|0200|813510|JG.2TRAVESSAS MELAMINE EDFORT MLOO|||UN|00||||||
|0200|701850|TAMPA DOSADORA HUDSON PR3037|||UN|00||||||
|0200|080210|ASPIRADOR ELECTROLUX FLEX 1400W|||UN|00||||||
|0200|031250|ASPIRADOR PO BRASTEMP FLY B7V09A|||UN|00||||||
|0200|040430|DEPURADOR CONSUL 4B CAT60 INOX|||UN|00||||||
|0200|950490|FORNO ELETRICO FISCHER 44L INOX 9982|||UN|00||||||
|0200|950360|COOKTOP VIDRO 4B FISCHER PR 1519-5713|||UN|00||||||
|0200|812910|JG.2DESCANSO PANELA INOX EDF.GAL2|||UN|00||||||
|0200|701230|TAMPA.P/REFRIG.HUDSON JO05106/05100|||UN|00||||||
|0200|813371|BALDE P/PIPOCA PLAST.EDF.PEQ.SX96|||UN|00||||||
|0200|501790|CESTO QUADR.ALCA OVAL MIMO YK9129 GR.|||UN|00||||||
|0200|101340|SALADEIRA MULTI-US PEPS LUMIN.63379|||UN|00||||||
|0200|150310|SANDUICHEIRA MALLORY GRILL MAX INOX|||UN|00||||||
|0200|810381|BANDEJA RETANG.40CM EDF. PPB006|||UN|00||||||
|0200|900056|JOGO 6COPOS FAVORIT 220ML FULL 46098|||UN|00||||||
|0200|104650|PORTA/COPOS 50ML KOS COLOR 700230|||UN|00||||||
|0200|940370|PORTA TUDO JAQUES 398|||UN|00||||||
|0200|940420|PORTA TUDO MASTER UNDER JAQUES 589|||UN|00||||||
|0200|940330|KIT TABUA/MART./AFIADOR PEQ.PLAST|||UN|00||||||
|0200|900700|CORTADOR/OVO FULL 12841|||UN|00||||||
|0200|700891|PORTA TALHER PLAST.HUNDSON ID34947|||UN|00||||||
|0200|660261|JG.4FACAS P/PATE LINEA M.SHOP 30006|||UN|00||||||
|0200|290310|VENTILADOR TORRE SUGGAR 74CM VE7422|||UN|00||||||
|0200|701890|ESPATULA/SILICONE HUDSON PRSSTH172|||UN|00||||||
|0200|701540|INFUSOR/CHA HUDSON MS-80666|||UN|00||||||
|0200|103110|KIT.RODO,BALDE,REFIL,ROTECSUL|||UN|00||||||
|0200|502050|SUP/PAREDE/UTENS/6GANCH.MIMO SF9216|||UN|00||||||
|0200|660283|JG.AMERICANO BAMBU LAR. M.SHOP|||UN|00||||||
|0200|521010|TIGELA 20CM VER/LAR ALIMP.R02220|||UN|00||||||
|0200|900120|COPO P/VIAGEM FULL 13627 AZUL|||UN|00|73239300|||||
|0200|900360|COPO P/VIAGEM FULL 13622 VM|||UN|00||||||
|0200|521030|PETISQUEIRA VER/LAR ALIMP.R02415|||UN|00||||||
|0200|900431|JG.AMERICANO P/COPOS 6PCS FULL 1731|||UN|00||||||
|0200|903563|P/RETRATO LOVE MY DOG FULL 15115|||UN|00||||||
|0200|900243|JG.4 PORTA COPOS/VIDRO FULL 16660|||UN|00||||||
|0200|180780|TV PANASONIC LCD FULL 32 TC-L32U30B|||UN|00||||||
|0200|910710|SALADEIRA KING RICAELLE PM7B/12|||UN|00||||||
|0200|180260|F.MI.PANASONIC PICCOLO NN-ST359 PRATA|||UN|00||||||
|0200|890620|PANELA PRESSAO POLIDA TRAMONT.2057020|||UN|00||||||
|0200|810862|PA P/BOLO ACRIL.MOD.JACARE EDF.KY06|||UN|00||||||
|0200|030563|FORNO PORT.ELET.BRASTEMP BOG40AB BR|||UN|00||||||
|0200|610230|JG. PEQUIM 7PCS F&S 221|||UN|00||||||
|0200|701420|MINI LIMPADOR HUDSON EV-FGR-M|||UN|00||||||
|0200|050600|FOGAO CONT.SPLENDIDO 4B INOX|||UN|00||||||
|0200|700800|POTE RET.C/3DIV.5L HUDSON KX71512|||UN|00||||||
|0200|911040|SALADEIRA RONA 24CM RICAELLE 5150/240|||UN|00||||||
|0200|101510|PRATO CARINE RASO LUMINARC D2373/67|||UN|00||||||
|0200|812961|RALADOR DE QUEIJO EDFORT GL316|||UN|00||||||
|0200|101170|POTE HERMETICO 0,75L LUMI.CO529|||UN|00||||||
|0200|180410|MINI SYSTEM PANASONIC SC-AKX32LB|||UN|00||||||
|0200|900450|JG.P/QUEIJO/TAB/VID.4PCS FUL.14837|||UN|00||||||
|0200|101190|POTE HERMETICO 1,3L LUMI.D5592|||UN|00||||||
|0200|101180|POTE HERMETICO 1L LUMI.D3237|||UN|00| |||||
|0200|812850|MANTEGUEIRA PORC. EDF. GAL05|||UN|00||||||
|0200|811940|JG.2XIC/2COLHERES EDF.KA0|||UN|00||||||
|0200|500210|JOGO DE PANELAS ESMAL.MIMO 7P?S E07|||UN|00||||||
|0200|840761|POTE SAL MODERN BENC.500G 95002|||UN|00||||||
|0200|103030|TOALHA LAVABO BORDADA DECORADA|||UN|00|63026000|||||
|0200|890410|CALDEIRAO INOX TRAMONTINA 62655/200|||UN|00||||||
|0200|702010|COLHER/CAFE/CLIPS HUDSON EVCC|||UN|00||||||
|0200|900203|CLIPS P/FECHAR EMBALAGENS FULL 17518|||UN|00||||||
|0200|950230|SOUPLAT CORES DIVERSAS YOI PLAST.|||UN|00||||||
|0200|031273|FOG.BRASTEMP.ATIVE 5B GRILL BF876 INOX|||UN|00||||||
|0200|051210|FOG.BOSCH STYLE GRILL 5B HSK44I INOX|||UN|00||||||
|0200|180910|REF.PANASONIC INVERTER 512L NRD512YZ|||UN|00||||||
|0200|050973|REF.BOSCH GLASS 445L KDN50X ESPELHO|||UN|00||||||
|0200|180970|REF.PANASONIC INVERTER 473L NRB461YZ|||UN|00||||||
|0200|070420|TV CCE 14 TELA PLANA TV-1418|||UN|00||||||
|0200|902500|JG.4FACAS/MANT.CABO OCO FULL 14838|||UN|00||||||
|0200|890320|CACAROLA FUNDA INOX TRAM. 62654|||UN|00||||||
|0200|840992|PORTA GUARDANAPO INOX BENCAFIL 52012|||UN|00||||||
|0200|900750|SALADEIRA/MOLHEIRA FULL 17347|||UN|00||||||
|0200|900061|JG.2FACAS P/QUEIJO FULL 16683|||UN|00||||||
|0200|901413|RECHAUD 3L RETANG.ACO INOX 16421|||UN|00||||||
|0200|880010|CHURRASQUEIRA 28 MULTIFLON 54528|||UN|00||||||
|0200|502200|BAND./ALCA OVAL INOX PQ MIMO BJ1105|||UN|00||||||
|0200|880080|FRIGID.32 MASTER MULTIFLON 46032|||UN|00||||||
|0200|950131|PEGADOR DE SALADA BAMBO 2PCS YOI|||UN|00||||||
|0200|660200|JG.FACAS 4PCS 0005 M.SHOP|||UN|00||||||
|0200|290200|PASSADEIRA SUGGAR/VAPOR PV4261|||UN|00||||||
|0200|950330|COIFA ISLAND FISCHER 5455|||UN|00||||||
|0200|030300|LAVALOUCA BRASTEMP 12SERV.BLE12 INOX|||UN|00||||||
|0200|100040|FOGAO ESMALTEC SAMOA 5B INOX 5005|||UN|00||||||
|0200|030013|REF.BRASTEMP ALL 360L BRF36 BR|||UN|00||||||
|0200|030543|DEPUR.BRASTEMP QUALITY 4B XAT60 INOX|||UN|00||||||
|0200|220223|REF.ELECTROLUX DISPENSER RW34 BR|||UN|00||||||
|0200|220600|SPLIT ELECTROLUX 12000BTU PE12F/PI12F|||UN|00||||||
|0200|100030|FOGAO ESMALTEC SAMOA 4B INOX 4013|||UN|00||||||
|0200|180370|DVD PLAYER PANASONIC BLURAY DMPBD75|||UN|00||||||
|0200|521173|JG.JANTAR 42PCS ALIMP.P2751|||UN|00||||||
|0200|900401|JG.4POTES PORCEL.COLHER FULL 16636|||UN|00||||||
|0200|810521|TRAVESSA REFRAT.ESTRELA EDF. P BAO70|||UN|00||||||
|0500|31122011|01|A|1|116010001|MATERIAIS DE REVENDA|
|0990|618|
|C001|0|
|C100|0|0|800006977|01|00|U|0070135||02012012|02012012|499,00|0|||499,00|9||||499,00|84,83||||||||
|C170|1|180273||1,00000|UN|319,00||0|000|1202||319,00|17,00|54,23|0||0|||||||50|319,00|0,65|||2,07|50|319,00|3,00|||9,57||
|C170|2|950141||1,00000|UN|180,00||0|000|1202||180,00|17,00|30,60|0||0|||||||50|180,00|0,65|||1,17|50|180,00|3,00|||5,40||
|C190|000|1202|17,00|499,00|499,00|84,83|0|0|0|0||
|C100|0|0|800006977|01|00|U|0070138||02012012|02012012|1044,00|0|||1044,00|9||||1044,00|177,48||||||||
|C170|1|040290||1,00000|UN|1044,00||0|000|1202||1044,00|17,00|177,48|0||0|||||||50|1044,00|0,65|||6,79|50|1044,00|3,00|||31,32||
|C190|000|1202|17,00|1044,00|1044,00|177,48|0|0|0|0||
|C100|0|0|800006977|01|00|U|0070140||03012012|03012012|949,00|0|||949,00|9||||949,00|161,33||||||||
|C170|1|031120||1,00000|UN|949,00||0|000|1202||949,00|17,00|161,33|0||0|||||||50|949,00|0,65|||6,17|50|949,00|3,00|||28,47||
|C190|000|1202|17,00|949,00|949,00|161,33|0|0|0|0||
|C100|0|0|800006977|01|00|U|0070141||03012012|03012012|1197,00|0|||1197,00|9||||1197,00|203,49||||||||
|C170|1|030353||1,00000|UN|1197,00||0|000|1202||1197,00|17,00|203,49|0||0|||||||50|1197,00|0,65|||7,78|50|1197,00|3,00|||35,91||
|C190|000|1202|17,00|1197,00|1197,00|203,49|0|0|0|0||
|C100|0|0|800006977|01|00|U|0070145||04012012|04012012|376,00|0|||376,00|9||||376,00|63,92||||||||
|C170|1|120020||1,00000|UN|109,00||0|000|1202||109,00|17,00|18,53|0||0|||||||50|109,00|0,65|||0,71|50|109,00|3,00|||3,27||
|C170|2|290083||1,00000|UN|99,00||0|000|1202||99,00|17,00|16,83|0||0|||||||50|99,00|0,65|||0,64|50|99,00|3,00|||2,97||
|C170|3|910783||1,00000|UN|69,00||0|000|1202||69,00|17,00|11,73|0||0|||||||50|69,00|0,65|||0,45|50|69,00|3,00|||2,07||
|C170|4|950300||1,00000|UN|99,00||0|000|1202||99,00|17,00|16,83|0||0|||||||50|99,00|0,65|||0,64|50|99,00|3,00|||2,97||
|C190|000|1202|17,00|376,00|376,00|63,92|0|0|0|0||
|C100|0|0|800006977|01|00|U|0070147||04012012|04012012|198,00|0|||198,00|9||||198,00|33,66||||||||
|C170|1|330030||1,00000|UN|129,00||0|000|1202||129,00|17,00|21,93|0||0|||||||50|129,00|0,65|||0,84|50|129,00|3,00|||3,87||
|C170|2|680940||1,00000|UN|69,00||0|000|1202||69,00|17,00|11,73|0||0|||||||50|69,00|0,65|||0,45|50|69,00|3,00|||2,07||
|C190|000|1202|17,00|198,00|198,00|33,66|0|0|0|0||
|C100|0|0|800006977|01|00|U|0070148||04012012|04012012|358,00|0|||358,00|9||||358,00|60,86||||||||
|C170|1|290250||1,00000|UN|129,00||0|000|1202||129,00|17,00|21,93|0||0|||||||50|129,00|0,65|||0,84|50|129,00|3,00|||3,87||
|C170|2|660341||1,00000|UN|159,00||0|000|1202||159,00|17,00|27,03|0||0|||||||50|159,00|0,65|||1,03|50|159,00|3,00|||4,77||
|C170|3|813000||1,00000|UN|70,00||0|000|1202||70,00|17,00|11,90|0||0|||||||50|70,00|0,65|||0,46|50|70,00|3,00|||2,10||
|C190|000|1202|17,00|358,00|358,00|60,86|0|0|0|0||
|C100|0|0|800006977|01|00|U|0070159||07012012|07012012|119,00|0|||119,00|9||||119,00|20,23||||||||
|C170|1|330010||1,00000|UN|119,00||0|000|1202||119,00|17,00|20,23|0||0|||||||50|119,00|0,65|||0,77|50|119,00|3,00|||3,57||
|C190|000|1202|17,00|119,00|119,00|20,23|0|0|0|0||
|C100|0|0|800006977|01|00|U|0070162||09012012|09012012|49,00|0|||49,00|9||||49,00|8,33||||||||
|C170|1|813650||1,00000|UN|49,00||0|000|1202||49,00|17,00|8,33|0||0|||||||50|49,00|0,65|||0,32|50|49,00|3,00|||1,47||
|C190|000|1202|17,00|49,00|49,00|8,33|0|0|0|0||
|C100|0|0|800006977|01|00|U|0070163||09012012|09012012|118,00|0|||118,00|9||||118,00|20,06||||||||
|C170|1|105106||1,00000|UN|59,00||0|000|1202||59,00|17,00|10,03|0||0|||||||50|59,00|0,65|||0,38|50|59,00|3,00|||1,77||
|C170|2|500140||1,00000|UN|59,00||0|000|1202||59,00|17,00|10,03|0||0|||||||50|59,00|0,65|||0,38|50|59,00|3,00|||1,77||
|C190|000|1202|17,00|118,00|118,00|20,06|0|0|0|0||
|C100|0|0|800006977|01|00|U|0070164||09012012|09012012|2389,00|0|||2389,00|9||||2389,00|406,13||||||||
|C170|1|031240||1,00000|UN|269,00||0|000|1202||269,00|17,00|45,73|0||0|||||||50|269,00|0,65|||1,75|50|269,00|3,00|||8,07||
|C170|2|160110||1,00000|UN|279,00||0|000|1202||279,00|17,00|47,43|0||0|||||||50|279,00|0,65|||1,81|50|279,00|3,00|||8,37||
|C170|3|290230||1,00000|UN|139,00||0|000|1202||139,00|17,00|23,63|0||0|||||||50|139,00|0,65|||0,90|50|139,00|3,00|||4,17||
|C170|4|160140||1,00000|UN|189,00||0|000|1202||189,00|17,00|32,13|0||0|||||||50|189,00|0,65|||1,23|50|189,00|3,00|||5,67||
|C170|5|290250||1,00000|UN|129,00||0|000|1202||129,00|17,00|21,93|0||0|||||||50|129,00|0,65|||0,84|50|129,00|3,00|||3,87||
|C170|6|290290||1,00000|UN|119,00||0|000|1202||119,00|17,00|20,23|0||0|||||||50|119,00|0,65|||0,77|50|119,00|3,00|||3,57||
|C170|7|902430||1,00000|UN|279,00||0|000|1202||279,00|17,00|47,43|0||0|||||||50|279,00|0,65|||1,81|50|279,00|3,00|||8,37||
|C170|8|880250||1,00000|UN|179,00||0|000|1202||179,00|17,00|30,43|0||0|||||||50|179,00|0,65|||1,16|50|179,00|3,00|||5,37||
|C170|9|903140||1,00000|UN|139,00||0|000|1202||139,00|17,00|23,63|0||0|||||||50|139,00|0,65|||0,90|50|139,00|3,00|||4,17||
|C170|10|902450||1,00000|UN|269,00||0|000|1202||269,00|17,00|45,73|0||0|||||||50|269,00|0,65|||1,75|50|269,00|3,00|||8,07||
|C170|11|910810||1,00000|UN|399,00||0|000|1202||399,00|17,00|67,83|0||0|||||||50|399,00|0,65|||2,59|50|399,00|3,00|||11,97||
|C190|000|1202|17,00|2389,00|2389,00|406,13|0|0|0|0||
|C100|0|0|800006977|01|00|U|0070165||09012012|09012012|1864,00|0|||1864,00|9||||1864,00|316,88||||||||
|C170|1|160130||1,00000|UN|399,00||0|000|1202||399,00|17,00|67,83|0||0|||||||50|399,00|0,65|||2,59|50|399,00|3,00|||11,97||
|C170|2|160180||1,00000|UN|149,00||0|000|1202||149,00|17,00|25,33|0||0|||||||50|149,00|0,65|||0,97|50|149,00|3,00|||4,47||
|C170|3|180273||1,00000|UN|319,00||0|000|1202||319,00|17,00|54,23|0||0|||||||50|319,00|0,65|||2,07|50|319,00|3,00|||9,57||
|C170|4|330130||1,00000|UN|220,00||0|000|1202||220,00|17,00|37,40|0||0|||||||50|220,00|0,65|||1,43|50|220,00|3,00|||6,60||
|C170|5|680660||1,00000|UN|69,00||0|000|1202||69,00|17,00|11,73|0||0|||||||50|69,00|0,65|||0,45|50|69,00|3,00|||2,07||
|C170|6|330010||1,00000|UN|115,00||0|000|1202||115,00|17,00|19,55|0||0|||||||50|115,00|0,65|||0,75|50|115,00|3,00|||3,45||
|C170|7|910785||1,00000|UN|79,00||0|000|1202||79,00|17,00|13,43|0||0|||||||50|79,00|0,65|||0,51|50|79,00|3,00|||2,37||
|C170|8|890520||1,00000|UN|99,00||0|000|1202||99,00|17,00|16,83|0||0|||||||50|99,00|0,65|||0,64|50|99,00|3,00|||2,97||
|C170|9|680940||1,00000|UN|69,00||0|000|1202||69,00|17,00|11,73|0||0|||||||50|69,00|0,65|||0,45|50|69,00|3,00|||2,07||
|C170|10|840620||1,00000|UN|59,00||0|000|1202||59,00|17,00|10,03|0||0|||||||50|59,00|0,65|||0,38|50|59,00|3,00|||1,77||
|C170|11|840620||1,00000|UN|59,00||0|000|1202||59,00|17,00|10,03|0||0|||||||50|59,00|0,65|||0,38|50|59,00|3,00|||1,77||
|C170|12|890630||1,00000|UN|159,00||0|000|1202||159,00|17,00|27,03|0||0|||||||50|159,00|0,65|||1,03|50|159,00|3,00|||4,77||
|C170|13|903570||1,00000|UN|69,00||0|000|1202||69,00|17,00|11,73|0||0|||||||50|69,00|0,65|||0,45|50|69,00|3,00|||2,07||
|C190|000|1202|17,00|1864,00|1864,00|316,88|0|0|0|0||
|C100|0|0|800006977|01|00|U|0070166||09012012|09012012|2243,00|0|||2243,00|9||||2243,00|381,31||||||||
|C170|1|040550||1,00000|UN|179,00||0|000|1202||179,00|17,00|30,43|0||0|||||||50|179,00|0,65|||1,16|50|179,00|3,00|||5,37||
|C170|2|040550||1,00000|UN|159,00||0|000|1202||159,00|17,00|27,03|0||0|||||||50|159,00|0,65|||1,03|50|159,00|3,00|||4,77||
|C170|3|090240||1,00000|UN|69,00||0|000|1202||69,00|17,00|11,73|0||0|||||||50|69,00|0,65|||0,45|50|69,00|3,00|||2,07||
|C170|4|180270||1,00000|UN|259,00||0|000|1202||259,00|17,00|44,03|0||0|||||||50|259,00|0,65|||1,68|50|259,00|3,00|||7,77||
|C170|5|100210||1,00000|UN|379,00||0|000|1202||379,00|17,00|64,43|0||0|||||||50|379,00|0,65|||2,46|50|379,00|3,00|||11,37||
|C170|6|120070||1,00000|UN|139,00||0|000|1202||139,00|17,00|23,63|0||0|||||||50|139,00|0,65|||0,90|50|139,00|3,00|||4,17||
|C170|7|330020||1,00000|UN|109,00||0|000|1202||109,00|17,00|18,53|0||0|||||||50|109,00|0,65|||0,71|50|109,00|3,00|||3,27||
|C170|8|901410||1,00000|UN|119,00||0|000|1202||119,00|17,00|20,23|0||0|||||||50|119,00|0,65|||0,77|50|119,00|3,00|||3,57||
|C170|9|910785||1,00000|UN|75,00||0|000|1202||75,00|17,00|12,75|0||0|||||||50|75,00|0,65|||0,49|50|75,00|3,00|||2,25||
|C170|10|910810||1,00000|UN|399,00||0|000|1202||399,00|17,00|67,83|0||0|||||||50|399,00|0,65|||2,59|50|399,00|3,00|||11,97||
|C170|11|680930||1,00000|UN|129,00||0|000|1202||129,00|17,00|21,93|0||0|||||||50|129,00|0,65|||0,84|50|129,00|3,00|||3,87||
|C170|12|290250||1,00000|UN|129,00||0|000|1202||129,00|17,00|21,93|0||0|||||||50|129,00|0,65|||0,84|50|129,00|3,00|||3,87||
|C170|13|890501||1,00000|UN|99,00||0|000|1202||99,00|17,00|16,83|0||0|||||||50|99,00|0,65|||0,64|50|99,00|3,00|||2,97||
|C190|000|1202|17,00|2243,00|2243,00|381,31|0|0|0|0||
|C100|0|0|800006977|01|00|U|0070167||09012012|09012012|2615,00|0|||2615,00|9||||2615,00|444,55||||||||
|C170|1|030373||1,00000|UN|1050,00||0|000|1202||1050,00|17,00|178,50|0||0|||||||50|1050,00|0,65|||6,83|50|1050,00|3,00|||31,50||
|C170|2|180580||1,00000|UN|329,00||0|000|1202||329,00|17,00|55,93|0||0|||||||50|329,00|0,65|||2,14|50|329,00|3,00|||9,87||
|C170|3|502201||1,00000|UN|65,00||0|000|1202||65,00|17,00|11,05|0||0|||||||50|65,00|0,65|||0,42|50|65,00|3,00|||1,95||
|C170|4|290290||1,00000|UN|119,00||0|000|1202||119,00|17,00|20,23|0||0|||||||50|119,00|0,65|||0,77|50|119,00|3,00|||3,57||
|C170|5|330050||1,00000|UN|59,00||0|000|1202||59,00|17,00|10,03|0||0|||||||50|59,00|0,65|||0,38|50|59,00|3,00|||1,77||
|C170|6|810060||1,00000|UN|79,00||0|000|1202||79,00|17,00|13,43|0||0|||||||50|79,00|0,65|||0,51|50|79,00|3,00|||2,37||
|C170|7|903370||1,00000|UN|99,00||0|000|1202||99,00|17,00|16,83|0||0|||||||50|99,00|0,65|||0,64|50|99,00|3,00|||2,97||
|C170|8|890540||1,00000|UN|499,00||0|000|1202||499,00|17,00|84,83|0||0|||||||50|499,00|0,65|||3,24|50|499,00|3,00|||14,97||
|C170|9|970720||1,00000|UN|99,00||0|000|1202||99,00|17,00|16,83|0||0|||||||50|99,00|0,65|||0,64|50|99,00|3,00|||2,97||
|C170|10|910782||1,00000|UN|69,00||0|000|1202||69,00|17,00|11,73|0||0|||||||50|69,00|0,65|||0,45|50|69,00|3,00|||2,07||
|C170|11|902511||1,00000|UN|79,00||0|000|1202||79,00|17,00|13,43|0||0|||||||50|79,00|0,65|||0,51|50|79,00|3,00|||2,37||
|C170|12|811060||1,00000|UN|69,00||0|000|1202||69,00|17,00|11,73|0||0|||||||50|69,00|0,65|||0,45|50|69,00|3,00|||2,07||
|C190|000|1202|17,00|2615,00|2615,00|444,55|0|0|0|0||
|C100|0|0|800006977|01|00|U|0070168||09012012|09012012|1080,00|0|||1080,00|9||||1080,00|183,60||||||||
|C170|1|105301||1,00000|UN|79,00||0|000|1202||79,00|17,00|13,43|0||0|||||||50|79,00|0,65|||0,51|50|79,00|3,00|||2,37||
|C170|2|120090||1,00000|UN|69,00||0|000|1202||69,00|17,00|11,73|0||0|||||||50|69,00|0,65|||0,45|50|69,00|3,00|||2,07||
|C170|3|330130||1,00000|UN|229,00||0|000|1202||229,00|17,00|38,93|0||0|||||||50|229,00|0,65|||1,49|50|229,00|3,00|||6,87||
|C170|4|290270||1,00000|UN|89,00||0|000|1202||89,00|17,00|15,13|0||0|||||||50|89,00|0,65|||0,58|50|89,00|3,00|||2,67||
|C170|5|531160||1,00000|UN|35,00||0|000|1202||35,00|17,00|5,95|0||0|||||||50|35,00|0,65|||0,23|50|35,00|3,00|||1,05||
|C170|6|813000||1,00000|UN|79,00||0|000|1202||79,00|17,00|13,43|0||0|||||||50|79,00|0,65|||0,51|50|79,00|3,00|||2,37||
|C170|7|970120||1,00000|UN|148,00||0|000|1202||148,00|17,00|25,16|0||0|||||||50|148,00|0,65|||0,96|50|148,00|3,00|||4,44||
|C170|8|902511||1,00000|UN|79,00||0|000|1202||79,00|17,00|13,43|0||0|||||||50|79,00|0,65|||0,51|50|79,00|3,00|||2,37||
|C170|9|840993||1,00000|UN|159,00||0|000|1202||159,00|17,00|27,03|0||0|||||||50|159,00|0,65|||1,03|50|159,00|3,00|||4,77||
|C170|10|901541||1,00000|UN|59,00||0|000|1202||59,00|17,00|10,03|0||0|||||||50|59,00|0,65|||0,38|50|59,00|3,00|||1,77||
|C170|11|840840||1,00000|UN|55,00||0|000|1202||55,00|17,00|9,35|0||0|||||||50|55,00|0,65|||0,36|50|55,00|3,00|||1,65||
|C190|000|1202|17,00|1080,00|1080,00|183,60|0|0|0|0||
|C100|0|0|800006977|01|00|U|0070169||09012012|09012012|1532,00|0|||1532,00|9||||1532,00|260,44||||||||
|C170|1|090420||1,00000|UN|139,00||0|000|1202||139,00|17,00|23,63|0||0|||||||50|139,00|0,65|||0,90|50|139,00|3,00|||4,17||
|C170|2|120070||1,00000|UN|139,00||0|000|1202||139,00|17,00|23,63|0||0|||||||50|139,00|0,65|||0,90|50|139,00|3,00|||4,17||
|C170|3|220143||1,00000|UN|799,00||0|000|1202||799,00|17,00|135,83|0||0|||||||50|799,00|0,65|||5,19|50|799,00|3,00|||23,97||
|C170|4|811060||1,00000|UN|69,00||0|000|1202||69,00|17,00|11,73|0||0|||||||50|69,00|0,65|||0,45|50|69,00|3,00|||2,07||
|C170|5|680940||1,00000|UN|69,00||0|000|1202||69,00|17,00|11,73|0||0|||||||50|69,00|0,65|||0,45|50|69,00|3,00|||2,07||
|C170|6|500082||1,00000|UN|49,00||0|000|1202||49,00|17,00|8,33|0||0|||||||50|49,00|0,65|||0,32|50|49,00|3,00|||1,47||
|C170|7|910782||1,00000|UN|70,00||0|000|1202||70,00|17,00|11,90|0||0|||||||50|70,00|0,65|||0,46|50|70,00|3,00|||2,10||
|C170|8|880180||1,00000|UN|119,00||0|000|1202||119,00|17,00|20,23|0||0|||||||50|119,00|0,65|||0,77|50|119,00|3,00|||3,57||
|C170|9|812200||1,00000|UN|79,00||0|000|1202||79,00|17,00|13,43|0||0|||||||50|79,00|0,65|||0,51|50|79,00|3,00|||2,37||
|C190|000|1202|17,00|1532,00|1532,00|260,44|0|0|0|0||
|C100|0|0|800006977|01|00|U|0070172||10012012|10012012|277,00|0|||277,00|9||||277,00|47,09||||||||
|C170|1|330030||1,00000|UN|129,00||0|000|1202||129,00|17,00|21,93|0||0|||||||50|129,00|0,65|||0,84|50|129,00|3,00|||3,87||
|C170|2|840432||1,00000|UN|69,00||0|000|1202||69,00|17,00|11,73|0||0|||||||50|69,00|0,65|||0,45|50|69,00|3,00|||2,07||
|C170|3|910785||1,00000|UN|79,00||0|000|1202||79,00|17,00|13,43|0||0|||||||50|79,00|0,65|||0,51|50|79,00|3,00|||2,37||
|C190|000|1202|17,00|277,00|277,00|47,09|0|0|0|0||
|C100|0|0|800006977|01|00|U|0070173||10012012|10012012|3542,00|0|||3542,00|9||||3542,00|602,14||||||||
|C170|1|030393||1,00000|UN|1349,00||0|000|1202||1349,00|17,00|229,33|0||0|||||||50|1349,00|0,65|||8,77|50|1349,00|3,00|||40,47||
|C170|2|040383||1,00000|UN|699,00||0|000|1202||699,00|17,00|118,83|0||0|||||||50|699,00|0,65|||4,54|50|699,00|3,00|||20,97||
|C170|3|090420||1,00000|UN|125,00||0|000|1202||125,00|17,00|21,25|0||0|||||||50|125,00|0,65|||0,81|50|125,00|3,00|||3,75||
|C170|4|090400||1,00000|UN|50,00||0|000|1202||50,00|17,00|8,50|0||0|||||||50|50,00|0,65|||0,33|50|50,00|3,00|||1,50||
|C170|5|090360||1,00000|UN|69,00||0|000|1202||69,00|17,00|11,73|0||0|||||||50|69,00|0,65|||0,45|50|69,00|3,00|||2,07||
|C170|6|090430||1,00000|UN|59,00||0|000|1202||59,00|17,00|10,03|0||0|||||||50|59,00|0,65|||0,38|50|59,00|3,00|||1,77||
|C170|7|840432||1,00000|UN|69,00||0|000|1202||69,00|17,00|11,73|0||0|||||||50|69,00|0,65|||0,45|50|69,00|3,00|||2,07||
|C170|8|180270||1,00000|UN|250,00||0|000|1202||250,00|17,00|42,50|0||0|||||||50|250,00|0,65|||1,63|50|250,00|3,00|||7,50||
|C170|9|812800||1,00000|UN|59,00||0|000|1202||59,00|17,00|10,03|0||0|||||||50|59,00|0,65|||0,38|50|59,00|3,00|||1,77||
|C170|10|290290||1,00000|UN|99,00||0|000|1202||99,00|17,00|16,83|0||0|||||||50|99,00|0,65|||0,64|50|99,00|3,00|||2,97||
|C170|11|660341||1,00000|UN|159,00||0|000|1202||159,00|17,00|27,03|0||0|||||||50|159,00|0,65|||1,03|50|159,00|3,00|||4,77||
|C170|12|902511||1,00000|UN|99,00||0|000|1202||99,00|17,00|16,83|0||0|||||||50|99,00|0,65|||0,64|50|99,00|3,00|||2,97||
|C170|13|890520||1,00000|UN|100,00||0|000|1202||100,00|17,00|17,00|0||0|||||||50|100,00|0,65|||0,65|50|100,00|3,00|||3,00||
|C170|14|330090||1,00000|UN|119,00||0|000|1202||119,00|17,00|20,23|0||0|||||||50|119,00|0,65|||0,77|50|119,00|3,00|||3,57||
|C170|15|950310||1,00000|UN|139,00||0|000|1202||139,00|17,00|23,63|0||0|||||||50|139,00|0,65|||0,90|50|139,00|3,00|||4,17||
|C170|16|903160||1,00000|UN|69,00||0|000|1202||69,00|17,00|11,73|0||0|||||||50|69,00|0,65|||0,45|50|69,00|3,00|||2,07||
|C170|17|970170||1,00000|UN|29,00||0|000|1202||29,00|17,00|4,93|0||0|||||||50|29,00|0,65|||0,19|50|29,00|3,00|||0,87||
|C190|000|1202|17,00|3542,00|3542,00|602,14|0|0|0|0||
|C100|0|0|800006977|01|00|U|0070175||10012012|10012012|49,00|0|||49,00|9||||49,00|8,33||||||||
|C170|1|500832||1,00000|UN|49,00||0|000|1202||49,00|17,00|8,33|0||0|||||||50|49,00|0,65|||0,32|50|49,00|3,00|||1,47||
|C190|000|1202|17,00|49,00|49,00|8,33|0|0|0|0||
|C100|0|0|800006977|01|00|U|0070176||11012012|11012012|2323,00|0|||2323,00|9||||2323,00|394,91||||||||
|C170|1|040133||1,00000|UN|749,00||0|000|1202||749,00|17,00|127,33|0||0|||||||50|749,00|0,65|||4,87|50|749,00|3,00|||22,47||
|C170|2|040560||1,00000|UN|319,00||0|000|1202||319,00|17,00|54,23|0||0|||||||50|319,00|0,65|||2,07|50|319,00|3,00|||9,57||
|C170|3|180273||1,00000|UN|309,00||0|000|1202||309,00|17,00|52,53|0||0|||||||50|309,00|0,65|||2,01|50|309,00|3,00|||9,27||
|C170|4|100200||1,00000|UN|409,00||0|000|1202||409,00|17,00|69,53|0||0|||||||50|409,00|0,65|||2,66|50|409,00|3,00|||12,27||
|C170|5|180270||1,00000|UN|259,00||0|000|1202||259,00|17,00|44,03|0||0|||||||50|259,00|0,65|||1,68|50|259,00|3,00|||7,77||
|C170|6|180290||1,00000|UN|119,00||0|000|1202||119,00|17,00|20,23|0||0|||||||50|119,00|0,65|||0,77|50|119,00|3,00|||3,57||
|C170|7|680360||1,00000|UN|89,00||0|000|1202||89,00|17,00|15,13|0||0|||||||50|89,00|0,65|||0,58|50|89,00|3,00|||2,67||
|C170|8|840980||1,00000|UN|70,00||0|000|1202||70,00|17,00|11,90|0||0|||||||50|70,00|0,65|||0,46|50|70,00|3,00|||2,10||
|C190|000|1202|17,00|2323,00|2323,00|394,91|0|0|0|0||
|C100|0|0|800006977|01|00|U|0070178||12012012|12012012|520,00|0|||520,00|9||||520,00|88,40||||||||
|C170|1|200510||1,00000|UN|520,00||0|000|1202||520,00|17,00|88,40|0||0|||||||50|520,00|0,65|||3,38|50|520,00|3,00|||15,60||
|C190|000|1202|17,00|520,00|520,00|88,40|0|0|0|0||
|C100|0|0|800006977|01|00|U|0070179||12012012|12012012|187,00|0|||187,00|9||||187,00|31,79||||||||
|C170|1|660020||1,00000|UN|58,00||0|000|1202||58,00|17,00|9,86|0||0|||||||50|58,00|0,65|||0,38|50|58,00|3,00|||1,74||
|C170|2|660230||1,00000|UN|129,00||0|000|1202||129,00|17,00|21,93|0||0|||||||50|129,00|0,65|||0,84|50|129,00|3,00|||3,87||
|C190|000|1202|17,00|187,00|187,00|31,79|0|0|0|0||
|C100|0|0|800006977|01|00|U|0070180||12012012|12012012|237,00|0|||237,00|9||||237,00|40,29||||||||
|C170|1|090240||1,00000|UN|59,00||0|000|1202||59,00|17,00|10,03|0||0|||||||50|59,00|0,65|||0,38|50|59,00|3,00|||1,77||
|C170|2|290220||1,00000|UN|79,00||0|000|1202||79,00|17,00|13,43|0||0|||||||50|79,00|0,65|||0,51|50|79,00|3,00|||2,37||
|C170|3|290270||1,00000|UN|99,00||0|000|1202||99,00|17,00|16,83|0||0|||||||50|99,00|0,65|||0,64|50|99,00|3,00|||2,97||
|C190|000|1202|17,00|237,00|237,00|40,29|0|0|0|0||
|C100|0|0|800006977|01|00|U|0070181||12012012|12012012|1370,00|0|||1370,00|9||||1370,00|232,90||||||||
|C170|1|031110||1,00000|UN|629,00||0|000|1202||629,00|17,00|106,93|0||0|||||||50|629,00|0,65|||4,09|50|629,00|3,00|||18,87||
|C170|2|090390||1,00000|UN|109,00||0|000|1202||109,00|17,00|18,53|0||0|||||||50|109,00|0,65|||0,71|50|109,00|3,00|||3,27||
|C170|3|100210||1,00000|UN|379,00||0|000|1202||379,00|17,00|64,43|0||0|||||||50|379,00|0,65|||2,46|50|379,00|3,00|||11,37||
|C170|4|902284||1,00000|UN|65,00||0|000|1202||65,00|17,00|11,05|0||0|||||||50|65,00|0,65|||0,42|50|65,00|3,00|||1,95||
|C170|5|820750||1,00000|UN|59,00||0|000|1202||59,00|17,00|10,03|0||0|||||||50|59,00|0,65|||0,38|50|59,00|3,00|||1,77||
|C170|6|950310||1,00000|UN|129,00||0|000|1202||129,00|17,00|21,93|0||0|||||||50|129,00|0,65|||0,84|50|129,00|3,00|||3,87||
|C190|000|1202|17,00|1370,00|1370,00|232,90|0|0|0|0||
|C100|0|0|800006977|01|00|U|0070187||14012012|14012012|399,00|0|||399,00|9||||399,00|67,83||||||||
|C170|1|180203||1,00000|UN|399,00||0|000|1202||399,00|17,00|67,83|0||0|||||||50|399,00|0,65|||2,59|50|399,00|3,00|||11,97||
|C190|000|1202|17,00|399,00|399,00|67,83|0|0|0|0||
|C100|0|0|800006977|01|00|U|0070188||14012012|14012012|99,00|0|||99,00|9||||0|0||||||||
|C170|1|710020||1,00000|UN|99,00||0|041|1202|||||0||0|||||||50|99,00|0,65|||0,64|50|99,00|3,00|||2,97||
|C190|041|1202||99,00|0|0|0|0|0|0||
|C100|0|0|800006977|01|00|U|0070195||17012012|17012012|2458,00|0|||2458,00|9||||2458,00|417,86||||||||
|C170|1|040123||1,00000|UN|675,00||0|000|1202||675,00|17,00|114,75|0||0|||||||50|675,00|0,65|||4,39|50|675,00|3,00|||20,25||
|C170|2|040470||1,00000|UN|399,00||0|000|1202||399,00|17,00|67,83|0||0|||||||50|399,00|0,65|||2,59|50|399,00|3,00|||11,97||
|C170|3|760051||1,00000|UN|169,00||0|000|1202||169,00|17,00|28,73|0||0|||||||50|169,00|0,65|||1,10|50|169,00|3,00|||5,07||
|C170|4|180270||1,00000|UN|259,00||0|000|1202||259,00|17,00|44,03|0||0|||||||50|259,00|0,65|||1,68|50|259,00|3,00|||7,77||
|C170|5|200510||1,00000|UN|499,00||0|000|1202||499,00|17,00|84,83|0||0|||||||50|499,00|0,65|||3,24|50|499,00|3,00|||14,97||
|C170|6|330130||1,00000|UN|229,00||0|000|1202||229,00|17,00|38,93|0||0|||||||50|229,00|0,65|||1,49|50|229,00|3,00|||6,87||
|C170|7|840620||1,00000|UN|59,00||0|000|1202||59,00|17,00|10,03|0||0|||||||50|59,00|0,65|||0,38|50|59,00|3,00|||1,77||
|C170|8|900071||1,00000|UN|169,00||0|000|1202||169,00|17,00|28,73|0||0|||||||50|169,00|0,65|||1,10|50|169,00|3,00|||5,07||
|C190|000|1202|17,00|2458,00|2458,00|417,86|0|0|0|0||
|C100|0|0|800006977|01|00|U|0070197||17012012|17012012|690,00|0|||690,00|9||||690,00|117,30||||||||
|C170|1|030473||1,00000|UN|474,00||0|000|1202||474,00|17,00|80,58|0||0|||||||50|474,00|0,65|||3,08|50|474,00|3,00|||14,22||
|C170|2|100210||1,00000|UN|191,00||0|000|1202||191,00|17,00|32,47|0||0|||||||50|191,00|0,65|||1,24|50|191,00|3,00|||5,73||
|C170|3|120150||1,00000|UN|25,00||0|000|1202||25,00|17,00|4,25|0||0|||||||50|25,00|0,65|||0,16|50|25,00|3,00|||0,75||
|C190|000|1202|17,00|690,00|690,00|117,30|0|0|0|0||
|C100|0|0|800006977|01|00|U|0070198||17012012|17012012|1349,00|0|||1349,00|9||||1349,00|229,33||||||||
|C170|1|040280||1,00000|UN|1349,00||0|000|1202||1349,00|17,00|229,33|0||0|||||||50|1349,00|0,65|||8,77|50|1349,00|3,00|||40,47||
|C190|000|1202|17,00|1349,00|1349,00|229,33|0|0|0|0||
|C100|0|0|800006977|01|00|U|0070199||17012012|17012012|3454,00|0|||3454,00|9||||3454,00|587,18||||||||
|C170|1|040053||1,00000|UN|1239,00||0|000|1202||1239,00|17,00|210,63|0||0|||||||50|1239,00|0,65|||8,05|50|1239,00|3,00|||37,17||
|C170|2|040413||1,00000|UN|429,00||0|000|1202||429,00|17,00|72,93|0||0|||||||50|429,00|0,65|||2,79|50|429,00|3,00|||12,87||
|C170|3|100210||1,00000|UN|379,00||0|000|1202||379,00|17,00|64,43|0||0|||||||50|379,00|0,65|||2,46|50|379,00|3,00|||11,37||
|C170|4|180270||1,00000|UN|259,00||0|000|1202||259,00|17,00|44,03|0||0|||||||50|259,00|0,65|||1,68|50|259,00|3,00|||7,77||
|C170|5|100063||1,00000|UN|309,00||0|000|1202||309,00|17,00|52,53|0||0|||||||50|309,00|0,65|||2,01|50|309,00|3,00|||9,27||
|C170|6|050683||1,00000|UN|839,00||0|000|1202||839,00|17,00|142,63|0||0|||||||50|839,00|0,65|||5,45|50|839,00|3,00|||25,17||
|C190|000|1202|17,00|3454,00|3454,00|587,18|0|0|0|0||
|C100|0|0|800006977|01|00|U|0070203||19012012|19012012|1124,00|0|||1124,00|9||||1124,00|191,08||||||||
|C170|1|040143||1,00000|UN|875,00||0|000|1202||875,00|17,00|148,75|0||0|||||||50|875,00|0,65|||5,69|50|875,00|3,00|||26,25||
|C170|2|180270||1,00000|UN|249,00||0|000|1202||249,00|17,00|42,33|0||0|||||||50|249,00|0,65|||1,62|50|249,00|3,00|||7,47||
|C190|000|1202|17,00|1124,00|1124,00|191,08|0|0|0|0||
|C100|0|0|800006977|01|00|U|0070204||19012012|19012012|99,00|0|||99,00|9||||99,00|16,83||||||||
|C170|1|950300||1,00000|UN|99,00||0|000|1202||99,00|17,00|16,83|0||0|||||||50|99,00|0,65|||0,64|50|99,00|3,00|||2,97||
|C190|000|1202|17,00|99,00|99,00|16,83|0|0|0|0||
|C100|0|0|800006977|01|00|U|0070206||19012012|19012012|1526,00|0|||1526,00|9||||1526,00|259,42||||||||
|C170|1|100210||1,00000|UN|379,00||0|000|1202||379,00|17,00|64,43|0||0|||||||50|379,00|0,65|||2,46|50|379,00|3,00|||11,37||
|C170|2|120090||1,00000|UN|69,00||0|000|1202||69,00|17,00|11,73|0||0|||||||50|69,00|0,65|||0,45|50|69,00|3,00|||2,07||
|C170|3|330250||1,00000|UN|109,00||0|000|1202||109,00|17,00|18,53|0||0|||||||50|109,00|0,65|||0,71|50|109,00|3,00|||3,27||
|C170|4|330050||1,00000|UN|59,00||0|000|1202||59,00|17,00|10,03|0||0|||||||50|59,00|0,65|||0,38|50|59,00|3,00|||1,77||
|C170|5|180270||1,00000|UN|259,00||0|000|1202||259,00|17,00|44,03|0||0|||||||50|259,00|0,65|||1,68|50|259,00|3,00|||7,77||
|C170|6|330030||1,00000|UN|129,00||0|000|1202||129,00|17,00|21,93|0||0|||||||50|129,00|0,65|||0,84|50|129,00|3,00|||3,87||
|C170|7|903160||1,00000|UN|69,00||0|000|1202||69,00|17,00|11,73|0||0|||||||50|69,00|0,65|||0,45|50|69,00|3,00|||2,07||
|C170|8|890630||1,00000|UN|159,00||0|000|1202||159,00|17,00|27,03|0||0|||||||50|159,00|0,65|||1,03|50|159,00|3,00|||4,77||
|C170|9|890640||1,00000|UN|249,00||0|000|1202||249,00|17,00|42,33|0||0|||||||50|249,00|0,65|||1,62|50|249,00|3,00|||7,47||
|C170|10|710140||1,00000|UN|45,00||0|000|1202||45,00|17,00|7,65|0||0|||||||50|45,00|0,65|||0,29|50|45,00|3,00|||1,35||
|C190|000|1202|17,00|1526,00|1526,00|259,42|0|0|0|0||
|C100|0|0|800006977|01|00|U|0070208||19012012|19012012|250,00|0|||250,00|9||||250,00|42,50||||||||
|C170|1|105070||1,00000|UN|250,00||0|000|1202||250,00|17,00|42,50|0||0|||||||50|250,00|0,65|||1,63|50|250,00|3,00|||7,50||
|C190|000|1202|17,00|250,00|250,00|42,50|0|0|0|0||
|C100|0|0|800006977|01|00|U|0070209||19012012|19012012|798,00|0|||798,00|9||||798,00|135,66||||||||
|C170|1|120050||1,00000|UN|159,00||0|000|1202||159,00|17,00|27,03|0||0|||||||50|159,00|0,65|||1,03|50|159,00|3,00|||4,77||
|C170|2|180270||1,00000|UN|250,00||0|000|1202||250,00|17,00|42,50|0||0|||||||50|250,00|0,65|||1,63|50|250,00|3,00|||7,50||
|C170|3|890370||1,00000|UN|389,00||0|000|1202||389,00|17,00|66,13|0||0|||||||50|389,00|0,65|||2,53|50|389,00|3,00|||11,67||
|C190|000|1202|17,00|798,00|798,00|135,66|0|0|0|0||
|C100|0|0|800006977|01|00|U|0070210||19012012|19012012|139,00|0|||139,00|9||||139,00|23,63||||||||
|C170|1|950310||1,00000|UN|139,00||0|000|1202||139,00|17,00|23,63|0||0|||||||50|139,00|0,65|||0,90|50|139,00|3,00|||4,17||
|C190|000|1202|17,00|139,00|139,00|23,63|0|0|0|0||
|C100|0|0|800006977|01|00|U|0070211||19012012|19012012|22,00|0|||22,00|9||||22,00|3,74||||||||
|C170|1|501792||1,00000|UN|22,00||0|000|1202||22,00|17,00|3,74|0||0|||||||50|22,00|0,65|||0,14|50|22,00|3,00|||0,66||
|C190|000|1202|17,00|22,00|22,00|3,74|0|0|0|0||
|C100|0|0|800006977|01|00|U|0070216||20012012|20012012|1717,00|0|||1717,00|9||||1717,00|291,89||||||||
|C170|1|090360||1,00000|UN|69,00||0|000|1202||69,00|17,00|11,73|0||0|||||||50|69,00|0,65|||0,45|50|69,00|3,00|||2,07||
|C170|2|090380||1,00000|UN|69,00||0|000|1202||69,00|17,00|11,73|0||0|||||||50|69,00|0,65|||0,45|50|69,00|3,00|||2,07||
|C170|3|180280||1,00000|UN|99,00||0|000|1202||99,00|17,00|16,83|0||0|||||||50|99,00|0,65|||0,64|50|99,00|3,00|||2,97||
|C170|4|180273||1,00000|UN|319,00||0|000|1202||319,00|17,00|54,23|0||0|||||||50|319,00|0,65|||2,07|50|319,00|3,00|||9,57||
|C170|5|100200||1,00000|UN|409,00||0|000|1202||409,00|17,00|69,53|0||0|||||||50|409,00|0,65|||2,66|50|409,00|3,00|||12,27||
|C170|6|120190||1,00000|UN|79,00||0|000|1202||79,00|17,00|13,43|0||0|||||||50|79,00|0,65|||0,51|50|79,00|3,00|||2,37||
|C170|7|330210||1,00000|UN|79,00||0|000|1202||79,00|17,00|13,43|0||0|||||||50|79,00|0,65|||0,51|50|79,00|3,00|||2,37||
|C170|8|330030||1,00000|UN|129,00||0|000|1202||129,00|17,00|21,93|0||0|||||||50|129,00|0,65|||0,84|50|129,00|3,00|||3,87||
|C170|9|680940||1,00000|UN|69,00||0|000|1202||69,00|17,00|11,73|0||0|||||||50|69,00|0,65|||0,45|50|69,00|3,00|||2,07||
|C170|10|200530||1,00000|UN|179,00||0|000|1202||179,00|17,00|30,43|0||0|||||||50|179,00|0,65|||1,16|50|179,00|3,00|||5,37||
|C170|11|890501||1,00000|UN|99,00||0|000|1202||99,00|17,00|16,83|0||0|||||||50|99,00|0,65|||0,64|50|99,00|3,00|||2,97||
|C170|12|810760||1,00000|UN|69,00||0|000|1202||69,00|17,00|11,73|0||0|||||||50|69,00|0,65|||0,45|50|69,00|3,00|||2,07||
|C170|13|500140||1,00000|UN|49,00||0|000|1202||49,00|17,00|8,33|0||0|||||||50|49,00|0,65|||0,32|50|49,00|3,00|||1,47||
|C190|000|1202|17,00|1717,00|1717,00|291,89|0|0|0|0||
|C100|0|0|800006977|01|00|U|0070217||20012012|20012012|1740,00|0|||1740,00|9||||1740,00|295,80||||||||
|C170|1|090360||1,00000|UN|49,00||0|000|1202||49,00|17,00|8,33|0||0|||||||50|49,00|0,65|||0,32|50|49,00|3,00|||1,47||
|C170|2|090400||1,00000|UN|69,00||0|000|1202||69,00|17,00|11,73|0||0|||||||50|69,00|0,65|||0,45|50|69,00|3,00|||2,07||
|C170|3|120090||1,00000|UN|69,00||0|000|1202||69,00|17,00|11,73|0||0|||||||50|69,00|0,65|||0,45|50|69,00|3,00|||2,07||
|C170|4|090430||1,00000|UN|59,00||0|000|1202||59,00|17,00|10,03|0||0|||||||50|59,00|0,65|||0,38|50|59,00|3,00|||1,77||
|C170|5|180273||1,00000|UN|319,00||0|000|1202||319,00|17,00|54,23|0||0|||||||50|319,00|0,65|||2,07|50|319,00|3,00|||9,57||
|C170|6|290060||1,00000|UN|259,00||0|000|1202||259,00|17,00|44,03|0||0|||||||50|259,00|0,65|||1,68|50|259,00|3,00|||7,77||
|C170|7|903081||1,00000|UN|269,00||0|000|1202||269,00|17,00|45,73|0||0|||||||50|269,00|0,65|||1,75|50|269,00|3,00|||8,07||
|C170|8|890501||1,00000|UN|110,00||0|000|1202||110,00|17,00|18,70|0||0|||||||50|110,00|0,65|||0,72|50|110,00|3,00|||3,30||
|C170|9|290290||1,00000|UN|100,00||0|000|1202||100,00|17,00|17,00|0||0|||||||50|100,00|0,65|||0,65|50|100,00|3,00|||3,00||
|C170|10|680501||1,00000|UN|40,00||0|000|1202||40,00|17,00|6,80|0||0|||||||50|40,00|0,65|||0,26|50|40,00|3,00|||1,20||
|C170|11|330130||1,00000|UN|229,00||0|000|1202||229,00|17,00|38,93|0||0|||||||50|229,00|0,65|||1,49|50|229,00|3,00|||6,87||
|C170|12|903160||1,00000|UN|69,00||0|000|1202||69,00|17,00|11,73|0||0|||||||50|69,00|0,65|||0,45|50|69,00|3,00|||2,07||
|C170|13|890501||1,00000|UN|99,00||0|000|1202||99,00|17,00|16,83|0||0|||||||50|99,00|0,65|||0,64|50|99,00|3,00|||2,97||
|C190|000|1202|17,00|1740,00|1740,00|295,80|0|0|0|0||
|C100|0|0|800006977|01|00|U|0070222||21012012|21012012|1124,00|0|||1124,00|9||||1124,00|191,08||||||||
|C170|1|040143||1,00000|UN|875,00||0|000|1202||875,00|17,00|148,75|0||0|||||||50|875,00|0,65|||5,69|50|875,00|3,00|||26,25||
|C170|2|180270||1,00000|UN|249,00||0|000|1202||249,00|17,00|42,33|0||0|||||||50|249,00|0,65|||1,62|50|249,00|3,00|||7,47||
|C190|000|1202|17,00|1124,00|1124,00|191,08|0|0|0|0||
|C100|0|0|800006977|01|00|U|0070226||23012012|23012012|1199,00|0|||1199,00|9||||1199,00|203,83||||||||
|C170|1|030383||1,00000|UN|1199,00||0|000|1202||1199,00|17,00|203,83|0||0|||||||50|1199,00|0,65|||7,79|50|1199,00|3,00|||35,97||
|C190|000|1202|17,00|1199,00|1199,00|203,83|0|0|0|0||
|C100|0|0|800006977|01|00|U|0070230||24012012|24012012|1124,00|0|||1124,00|9||||1124,00|191,08||||||||
|C170|1|040143||1,00000|UN|875,00||0|000|1202||875,00|17,00|148,75|0||0|||||||50|875,00|0,65|||5,69|50|875,00|3,00|||26,25||
|C170|2|180270||1,00000|UN|249,00||0|000|1202||249,00|17,00|42,33|0||0|||||||50|249,00|0,65|||1,62|50|249,00|3,00|||7,47||
|C190|000|1202|17,00|1124,00|1124,00|191,08|0|0|0|0||
|C100|0|0|800006977|01|00|U|0070257||25012012|25012012|469,00|0|||469,00|9||||469,00|79,73||||||||
|C170|1|100160||1,00000|UN|469,00||0|000|1202||469,00|17,00|79,73|0||0|||||||50|469,00|0,65|||3,05|50|469,00|3,00|||14,07||
|C190|000|1202|17,00|469,00|469,00|79,73|0|0|0|0||
|C100|0|0|800006977|01|00|U|0070336||26012012|26012012|636,00|0|||636,00|9||||636,00|108,12||||||||
|C170|1|090360||1,00000|UN|49,00||0|000|1202||49,00|17,00|8,33|0||0|||||||50|49,00|0,65|||0,32|50|49,00|3,00|||1,47||
|C170|2|180253||1,00000|UN|319,00||0|000|1202||319,00|17,00|54,23|0||0|||||||50|319,00|0,65|||2,07|50|319,00|3,00|||9,57||
|C170|3|290290||1,00000|UN|100,00||0|000|1202||100,00|17,00|17,00|0||0|||||||50|100,00|0,65|||0,65|50|100,00|3,00|||3,00||
|C170|4|330210||1,00000|UN|69,00||0|000|1202||69,00|17,00|11,73|0||0|||||||50|69,00|0,65|||0,45|50|69,00|3,00|||2,07||
|C170|5|290290||1,00000|UN|99,00||0|000|1202||99,00|17,00|16,83|0||0|||||||50|99,00|0,65|||0,64|50|99,00|3,00|||2,97||
|C190|000|1202|17,00|636,00|636,00|108,12|0|0|0|0||
|C100|0|0|800006977|01|00|U|0070337||26012012|26012012|1387,00|0|||1387,00|9||||1387,00|235,79||||||||
|C170|1|040123||1,00000|UN|700,00||0|000|1202||700,00|17,00|119,00|0||0|||||||50|700,00|0,65|||4,55|50|700,00|3,00|||21,00||
|C170|2|120020||1,00000|UN|109,00||0|000|1202||109,00|17,00|18,53|0||0|||||||50|109,00|0,65|||0,71|50|109,00|3,00|||3,27||
|C170|3|290060||1,00000|UN|259,00||0|000|1202||259,00|17,00|44,03|0||0|||||||50|259,00|0,65|||1,68|50|259,00|3,00|||7,77||
|C170|4|180273||1,00000|UN|319,00||0|000|1202||319,00|17,00|54,23|0||0|||||||50|319,00|0,65|||2,07|50|319,00|3,00|||9,57||
|C190|000|1202|17,00|1387,00|1387,00|235,79|0|0|0|0||
|C100|0|0|800006977|01|00|U|0070338||26012012|26012012|1125,00|0|||1125,00|9||||1125,00|191,25||||||||
|C170|1|040240||1,00000|UN|1125,00||0|000|1202||1125,00|17,00|191,25|0||0|||||||50|1125,00|0,65|||7,31|50|1125,00|3,00|||33,75||
|C190|000|1202|17,00|1125,00|1125,00|191,25|0|0|0|0||
|C100|0|0|800006977|01|00|U|0070341||27012012|27012012|119,00|0|||119,00|9||||119,00|20,23||||||||
|C170|1|330060||1,00000|UN|119,00||0|000|1202||119,00|17,00|20,23|0||0|||||||50|119,00|0,65|||0,77|50|119,00|3,00|||3,57||
|C190|000|1202|17,00|119,00|119,00|20,23|0|0|0|0||
|C100|0|0|800006977|01|00|U|0070346||30012012|30012012|1225,00|0|||1225,00|9||||1225,00|208,25||||||||
|C170|1|040240||1,00000|UN|1225,00||0|000|1202||1225,00|17,00|208,25|0||0|||||||50|1225,00|0,65|||7,96|50|1225,00|3,00|||36,75||
|C190|000|1202|17,00|1225,00|1225,00|208,25|0|0|0|0||
|C100|0|0|800006977|01|00|U|0070350||31012012|31012012|15,00|0|||15,00|9||||15,00|2,55||||||||
|C170|1|500010||1,00000|UN|15,00||0|000|1202||15,00|17,00|2,55|0||0|||||||50|15,00|0,65|||0,10|50|15,00|3,00|||0,45||
|C190|000|1202|17,00|15,00|15,00|2,55|0|0|0|0||
|C100|0|0|800006977|01|00|U|0070352||31012012|31012012|645,00|0|||645,00|9||||645,00|109,65||||||||
|C170|1|090360||1,00000|UN|69,00||0|000|1202||69,00|17,00|11,73|0||0|||||||50|69,00|0,65|||0,45|50|69,00|3,00|||2,07||
|C170|2|090400||1,00000|UN|59,00||0|000|1202||59,00|17,00|10,03|0||0|||||||50|59,00|0,65|||0,38|50|59,00|3,00|||1,77||
|C170|3|330090||1,00000|UN|129,00||0|000|1202||129,00|17,00|21,93|0||0|||||||50|129,00|0,65|||0,84|50|129,00|3,00|||3,87||
|C170|4|890520||1,00000|UN|99,00||0|000|1202||99,00|17,00|16,83|0||0|||||||50|99,00|0,65|||0,64|50|99,00|3,00|||2,97||
|C170|5|890530||1,00000|UN|240,00||0|000|1202||240,00|17,00|40,80|0||0|||||||50|240,00|0,65|||1,56|50|240,00|3,00|||7,20||
|C170|6|900331||1,00000|UN|49,00||0|000|1202||49,00|17,00|8,33|0||0|||||||50|49,00|0,65|||0,32|50|49,00|3,00|||1,47||
|C190|000|1202|17,00|645,00|645,00|109,65|0|0|0|0||
|C100|0|0|800006977|01|00|U|0070205||19012012|19012012|1699,00|0|||1699,00|9||||1699,00|288,83||||||||
|C170|1|040540||1,00000|UN|1699,00||0|000|1202||1699,00|17,00|288,83|0||0|||||||50|1699,00|0,65|||11,04|50|1699,00|3,00|||50,97||
|C190|000|1202|17,00|1699,00|1699,00|288,83|0|0|0|0||
|C100|0|0|800006977|01|00|U|0070351||31012012|31012012|2400,00|0|||2400,00|9||||2400,00|408,00||||||||
|C170|1|220480||1,00000|UN|2400,00||0|000|1202||2400,00|17,00|408,00|0||0|||||||50|2400,00|0,65|||15,60|50|2400,00|3,00|||72,00||
|C190|000|1202|17,00|2400,00|2400,00|408,00|0|0|0|0||
|C100|1|0|6276|01|00|U|0070225||23012012|23012012|850,00|0|||850,00|9||||0|0||||||||
|C170|1|180750||1,00000|UN|850,00||0|041|5949|||||0||0|||||||99||||||99|||||||
|C190|041|5949||850,00|0|0|0|0|0|0||
|C100|1|0|800007291|01|00|U|0070228||24012012|24012012|817,00|0|||817,00|9||||0|0||||||||
|C170|1|100200||1,00000|UN|409,00||0|041|5949|||||0||0|||||||99||||||99|||||||
|C170|2|120200||1,00000|UN|59,00||0|041|5949|||||0||0|||||||99||||||99|||||||
|C170|3|180540||1,00000|UN|349,00||0|041|5949|||||0||0|||||||99||||||99|||||||
|C190|041|5949||817,00|0|0|0|0|0|0||
|C100|1|0|100003376|01|00|U|0070200||18012012|18012012|1859,00|0|||1859,00|9||||0|0||||||||
|C170|1|040123||1,00000|UN|727,00||0|041|5949|||||0||0|||||||99||||||99|||||||
|C170|2|180770||1,00000|UN|969,00||0|041|5949|||||0||0|||||||99||||||99|||||||
|C170|3|180920||1,00000|UN|66,00||0|041|5949|||||0||0|||||||99||||||99|||||||
|C170|4|290083||1,00000|UN|97,00||0|041|5949|||||0||0|||||||99||||||99|||||||
|C190|041|5949||1859,00|0|0|0|0|0|0||
|C100|1|0|820|01|00|U|0070343||30012012|30012012|439,00|0|||439,00|9||||0|0||||||||
|C170|1|040440||1,00000|UN|439,00||0|041|5949|||||0||0|||||||99||||||99|||||||
|C190|041|5949||439,00|0|0|0|0|0|0||
|C100|1|0|820|01|00|U|0070345||30012012|30012012|319,00|0|||319,00|9||||0|0||||||||
|C170|1|180273||1,00000|UN|319,00||0|041|5949|||||0||0|||||||99||||||99|||||||
|C190|041|5949||319,00|0|0|0|0|0|0||
|C100|1|0|800007292|01|00|U|0070194||17012012|17012012|690,00|0|||690,00|9||||0|0||||||||
|C170|1|030473||1,00000|UN|474,00||0|041|5949|||||0||0|||||||99||||||99|||||||
|C170|2|100210||1,00000|UN|191,00||0|041|5949|||||0||0|||||||99||||||99|||||||
|C170|3|120150||1,00000|UN|25,00||0|041|5949|||||0||0|||||||99||||||99|||||||
|C190|041|5949||690,00|0|0|0|0|0|0||
|C100|1|0|800007292|01|00|U|0070196||17012012|17012012|690,00|0|||690,00|9||||0|0||||||||
|C170|1|030473||1,00000|UN|474,00||0|041|5949|||||0||0|||||||99||||||99|||||||
|C170|2|100200||1,00000|UN|191,00||0|041|5949|||||0||0|||||||99||||||99|||||||
|C170|3|120150||1,00000|UN|25,00||0|041|5949|||||0||0|||||||99||||||99|||||||
|C190|041|5949||690,00|0|0|0|0|0|0||
|C100|1|0|100004620|01|00|U|0070353||31012012|31012012|6540,00|0|||6540,00|9||||0|0||||||||
|C170|1|030030||1,00000|UN|2750,00||0|041|5949|||||0||0|||||||99||||||99|||||||
|C170|2|030130||1,00000|UN|1990,00||0|041|5949|||||0||0|||||||99||||||99|||||||
|C170|3|030450||2,00000|UN|1800,00||0|041|5949|||||0||0|||||||99||||||99|||||||
|C190|041|5949||6540,00|0|0|0|0|0|0||
|C100|1|0|800008026|01|00|U|0070227||24012012|24012012|1297,42|0|||1297,42|9||||1297,42|220,56||||||||
|C170|1|040520||2,00000|UN|1297,42||0|000|5152||1297,42|17,00|220,56|0||0|||||||01|1297,42|0,65|||8,43|01|1297,42|3,00|||38,92||
|C190|000|5152|17,00|1297,42|1297,42|220,56|0|0|0|0||
|C100|1|0|800008026|01|00|U|0070333||26012012|26012012|52,29|0|||52,29|9||||52,29|8,89||||||||
|C170|1|104660||7,00000|UN|52,29||0|000|5152||52,29|17,00|8,89|0||0|||||||01|52,29|0,65|||0,34|01|52,29|3,00|||1,57||
|C190|000|5152|17,00|52,29|52,29|8,89|0|0|0|0||
|C100|1|0|800008026|01|00|U|0070340||27012012|27012012|961,43|0|||961,43|9||||961,43|163,44||||||||
|C170|1|030253||1,00000|UN|929,81||0|000|5152||929,81|17,00|158,07|0||0|||||||01|929,81|0,65|||6,04|01|929,81|3,00|||27,89||
|C170|2|820190||2,00000|UN|31,62||0|000|5152||31,62|17,00|5,38|0||0|||||||01|31,62|0,65|||0,21|01|31,62|3,00|||0,95||
|C190|000|5152|17,00|961,43|961,43|163,44|0|0|0|0||
|C100|1|0|800008026|01|00|U|0070344||30012012|30012012|771,72|0|||771,72|9||||771,72|131,19||||||||
|C170|1|031030||1,00000|UN|771,72||0|000|5152||771,72|17,00|131,19|0||0|||||||01|771,72|0,65|||5,02|01|771,72|3,00|||23,15||
|C190|000|5152|17,00|771,72|771,72|131,19|0|0|0|0||
|C100|1|0|800008026|01|00|U|0070349||31012012|31012012|12949,56|0|||12949,56|9||||12949,56|2201,43||||||||
|C170|1|030473||3,00000|UN|1844,40||0|000|5152||1844,40|17,00|313,55|0||0|||||||01|1844,40|0,65|||11,99|01|1844,40|3,00|||55,33||
|C170|2|030483||2,00000|UN|1451,72||0|000|5152||1451,72|17,00|246,79|0||0|||||||01|1451,72|0,65|||9,44|01|1451,72|3,00|||43,55||
|C170|3|040360||6,00000|UN|1492,26||0|000|5152||1492,26|17,00|253,68|0||0|||||||01|1492,26|0,65|||9,70|01|1492,26|3,00|||44,77||
|C170|4|030950||1,00000|UN|588,00||0|000|5152||588,00|17,00|99,96|0||0|||||||01|588,00|0,65|||3,82|01|588,00|3,00|||17,64||
|C170|5|030770||1,00000|UN|769,30||0|000|5152||769,30|17,00|130,78|0||0|||||||01|769,30|0,65|||5,00|01|769,30|3,00|||23,08||
|C170|6|100200||8,00000|UN|1986,56||0|000|5152||1986,56|17,00|337,72|0||0|||||||01|1986,56|0,65|||12,91|01|1986,56|3,00|||59,60||
|C170|7|270040||4,00000|UN|2028,52||0|000|5152||2028,52|17,00|344,85|0||0|||||||01|2028,52|0,65|||13,19|01|2028,52|3,00|||60,86||
|C170|8|270030||6,00000|UN|2788,80||0|000|5152||2788,80|17,00|474,10|0||0|||||||01|2788,80|0,65|||18,13|01|2788,80|3,00|||83,66||
|C190|000|5152|17,00|12949,56|12949,56|2201,43|0|0|0|0||
|C100|1|0|800008026|01|00|U|0070158||07012012|07012012|9182,17|0|||9182,17|9||||9182,17|1560,97||||||||
|C170|1|030483||2,00000|UN|1551,72||0|000|5152||1551,72|17,00|263,79|0||0|||||||01|1551,72|0,65|||10,09|01|1551,72|3,00|||46,55||
|C170|2|030950||1,00000|UN|588,00||0|000|5152||588,00|17,00|99,96|0||0|||||||01|588,00|0,65|||3,82|01|588,00|3,00|||17,64||
|C170|3|040520||2,00000|UN|1297,42||0|000|5152||1297,42|17,00|220,56|0||0|||||||01|1297,42|0,65|||8,43|01|1297,42|3,00|||38,92||
|C170|4|040530||2,00000|UN|1127,06||0|000|5152||1127,06|17,00|191,60|0||0|||||||01|1127,06|0,65|||7,33|01|1127,06|3,00|||33,81||
|C170|5|100200||6,00000|UN|1489,92||0|000|5152||1489,92|17,00|253,29|0||0|||||||01|1489,92|0,65|||9,68|01|1489,92|3,00|||44,70||
|C170|6|100210||10,00000|UN|2324,80||0|000|5152||2324,80|17,00|395,22|0||0|||||||01|2324,80|0,65|||15,11|01|2324,80|3,00|||69,74||
|C170|7|150420||6,00000|UN|363,60||0|000|5152||363,60|17,00|61,81|0||0|||||||01|363,60|0,65|||2,36|01|363,60|3,00|||10,91||
|C170|8|290033||3,00000|UN|320,31||0|000|5152||320,31|17,00|54,45|0||0|||||||01|320,31|0,65|||2,08|01|320,31|3,00|||9,61||
|C170|9|290053||1,00000|UN|119,34||0|000|5152||119,34|17,00|20,29|0||0|||||||01|119,34|0,65|||0,78|01|119,34|3,00|||3,58||
|C190|000|5152|17,00|9182,17|9182,17|1560,97|0|0|0|0||
|C100|1|0|800008026|01|00|U|0070160||09012012|09012012|542,88|0|||542,88|9||||542,88|92,29||||||||
|C170|1|050610||1,00000|UN|542,88||0|000|5152||542,88|17,00|92,29|0||0|||||||01|542,88|0,65|||3,53|01|542,88|3,00|||16,29||
|C190|000|5152|17,00|542,88|542,88|92,29|0|0|0|0||
|C100|1|0|800008026|01|00|U|0070161||09012012|09012012|581,01|0|||581,01|9||||581,01|98,77||||||||
|C170|1|040393||1,00000|UN|581,01||0|000|5152||581,01|17,00|98,77|0||0|||||||01|581,01|0,65|||3,78|01|581,01|3,00|||17,43||
|C190|000|5152|17,00|581,01|581,01|98,77|0|0|0|0||
|C100|1|0|800008026|01|00|U|0070170||09012012|09012012|756,89|0|||756,89|9||||756,89|128,67||||||||
|C170|1|030383||1,00000|UN|756,89||0|000|5152||756,89|17,00|128,67|0||0|||||||01|756,89|0,65|||4,92|01|756,89|3,00|||22,71||
|C190|000|5152|17,00|756,89|756,89|128,67|0|0|0|0||
|C100|1|0|800008026|01|00|U|0070177||12012012|12012012|1658,14|0|||1658,14|9||||1658,14|281,88||||||||
|C170|1|030253||1,00000|UN|929,81||0|000|5152||929,81|17,00|158,07|0||0|||||||01|929,81|0,65|||6,04|01|929,81|3,00|||27,89||
|C170|2|220183||1,00000|UN|728,33||0|000|5152||728,33|17,00|123,82|0||0|||||||01|728,33|0,65|||4,73|01|728,33|3,00|||21,85||
|C190|000|5152|17,00|1658,14|1658,14|281,88|0|0|0|0||
|C100|1|0|800008026|01|00|U|0070182||13012012|13012012|3448,27|0|||3448,27|9||||3448,27|586,21||||||||
|C170|1|030523||1,00000|UN|174,40||0|000|5152||174,40|17,00|29,65|0||0|||||||01|174,40|0,65|||1,13|01|174,40|3,00|||5,23||
|C170|2|030533||3,00000|UN|873,84||0|000|5152||873,84|17,00|148,55|0||0|||||||01|873,84|0,65|||5,68|01|873,84|3,00|||26,22||
|C170|3|180770||2,00000|UN|1224,82||0|000|5152||1224,82|17,00|208,22|0||0|||||||01|1224,82|0,65|||7,96|01|1224,82|3,00|||36,74||
|C170|4|290033||3,00000|UN|320,31||0|000|5152||320,31|17,00|54,45|0||0|||||||01|320,31|0,65|||2,08|01|320,31|3,00|||9,61||
|C170|5|120080||10,00000|UN|854,90||0|000|5152||854,90|17,00|145,33|0||0|||||||01|854,90|0,65|||5,56|01|854,90|3,00|||25,65||
|C190|000|5152|17,00|3448,27|3448,27|586,21|0|0|0|0||
|C100|1|0|800008026|01|00|U|0070183||13012012|13012012|1565,77|0|||1565,77|9||||1565,77|266,18||||||||
|C170|1|030030||1,00000|UN|1565,77||0|000|5152||1565,77|17,00|266,18|0||0|||||||01|1565,77|0,65|||10,18|01|1565,77|3,00|||46,97||
|C190|000|5152|17,00|1565,77|1565,77|266,18|0|0|0|0||
|C100|1|0|800008026|01|00|U|0070184||13012012|13012012|1827,52|0|||1827,52|9||||1827,52|310,68||||||||
|C170|1|050980||1,00000|UN|1827,52||0|000|5152||1827,52|17,00|310,68|0||0|||||||01|1827,52|0,65|||11,88|01|1827,52|3,00|||54,83||
|C190|000|5152|17,00|1827,52|1827,52|310,68|0|0|0|0||
|C100|1|0|800008026|01|00|U|0070155||06012012|06012012|1989,31|0|||1989,31|9||||560,87|95,35||||||||
|C170|1|710010||10,00000|UN|493,10||0|041|5152|||||0||0|||||||01|493,10|0,65|||3,21|01|493,10|3,00|||14,79||
|C170|2|710020||6,00000|UN|334,50||0|041|5152|||||0||0|||||||01|334,50|0,65|||2,17|01|334,50|3,00|||10,04||
|C170|3|710040||3,00000|UN|402,12||0|041|5152|||||0||0|||||||01|402,12|0,65|||2,61|01|402,12|3,00|||12,06||
|C170|4|710060||6,00000|UN|84,90||0|041|5152|||||0||0|||||||01|84,90|0,65|||0,55|01|84,90|3,00|||2,55||
|C170|5|710070||6,00000|UN|54,66||0|041|5152|||||0||0|||||||01|54,66|0,65|||0,36|01|54,66|3,00|||1,64||
|C170|6|710140||4,00000|UN|73,76||0|000|5152||73,76|17,00|12,54|0||0|||||||01|73,76|0,65|||0,48|01|73,76|3,00|||2,21||
|C170|7|710190||6,00000|UN|57,90||0|000|5152||57,90|17,00|9,84|0||0|||||||01|57,90|0,65|||0,38|01|57,90|3,00|||1,74||
|C170|8|710210||6,00000|UN|45,00||0|000|5152||45,00|17,00|7,65|0||0|||||||01|45,00|0,65|||0,29|01|45,00|3,00|||1,35||
|C170|9|710170||3,00000|UN|67,56||0|000|5152||67,56|17,00|11,49|0||0|||||||01|67,56|0,65|||0,44|01|67,56|3,00|||2,03||
|C170|10|710290||6,00000|UN|64,26||0|000|5152||64,26|17,00|10,92|0||0|||||||01|64,26|0,65|||0,42|01|64,26|3,00|||1,93||
|C170|11|710330||12,00000|UN|59,16||0|041|5152|||||0||0|||||||01|59,16|0,65|||0,38|01|59,16|3,00|||1,77||
|C170|12|710350||3,00000|UN|43,20||0|000|5152||43,20|17,00|7,34|0||0|||||||01|43,20|0,65|||0,28|01|43,20|3,00|||1,30||
|C170|13|710360||6,00000|UN|69,48||0|000|5152||69,48|17,00|11,81|0||0|||||||01|69,48|0,65|||0,45|01|69,48|3,00|||2,08||
|C170|14|710370||2,00000|UN|83,64||0|000|5152||83,64|17,00|14,22|0||0|||||||01|83,64|0,65|||0,54|01|83,64|3,00|||2,51||
|C170|15|710380||3,00000|UN|56,07||0|000|5152||56,07|17,00|9,53|0||0|||||||01|56,07|0,65|||0,36|01|56,07|3,00|||1,68||
|C190|000|5152|17,00|560,87|560,87|95,35|0|0|0|0||
|C190|041|5152||1428,44|0|0|0|0|0|0||
|C100|1|0|800008026|01|00|U|0070156||06012012|06012012|581,12|0|||581,12|9||||581,12|98,79||||||||
|C170|1|890500||6,00000|UN|340,68||0|000|5152||340,68|17,00|57,92|0||0|||||||01|340,68|0,65|||2,21|01|340,68|3,00|||10,22||
|C170|2|890501||4,00000|UN|240,44||0|000|5152||240,44|17,00|40,87|0||0|||||||01|240,44|0,65|||1,56|01|240,44|3,00|||7,21||
|C190|000|5152|17,00|581,12|581,12|98,79|0|0|0|0||
|C100|1|0|800008026|01|00|U|0070186||14012012|14012012|2615,13|0|||2615,13|9||||2615,13|444,57||||||||
|C170|1|031170||1,00000|UN|1127,93||0|000|5152||1127,93|17,00|191,75|0||0|||||||01|1127,93|0,65|||7,33|01|1127,93|3,00|||33,84||
|C170|2|180270||10,00000|UN|1487,20||0|000|5152||1487,20|17,00|252,82|0||0|||||||01|1487,20|0,65|||9,67|01|1487,20|3,00|||44,62||
|C190|000|5152|17,00|2615,13|2615,13|444,57|0|0|0|0||
|C100|1|0|800008026|01|00|U|0070193||17012012|17012012|10661,37|0|||10661,37|9||||10661,37|1812,43||||||||
|C170|1|030143||1,00000|UN|1014,66||0|000|5152||1014,66|17,00|172,49|0||0|||||||01|1014,66|0,65|||6,60|01|1014,66|3,00|||30,44||
|C170|2|030253||1,00000|UN|929,81||0|000|5152||929,81|17,00|158,07|0||0|||||||01|929,81|0,65|||6,04|01|929,81|3,00|||27,89||
|C170|3|100160||5,00000|UN|1427,50||0|000|5152||1427,50|17,00|242,68|0||0|||||||01|1427,50|0,65|||9,28|01|1427,50|3,00|||42,83||
|C170|4|100200||8,00000|UN|1986,56||0|000|5152||1986,56|17,00|337,72|0||0|||||||01|1986,56|0,65|||12,91|01|1986,56|3,00|||59,60||
|C170|5|040290||3,00000|UN|2037,72||0|000|5152||2037,72|17,00|346,41|0||0|||||||01|2037,72|0,65|||13,25|01|2037,72|3,00|||61,13||
|C170|6|030830||1,00000|UN|1412,49||0|000|5152||1412,49|17,00|240,12|0||0|||||||01|1412,49|0,65|||9,18|01|1412,49|3,00|||42,37||
|C170|7|290260||2,00000|UN|53,16||0|000|5152||53,16|17,00|9,04|0||0|||||||01|53,16|0,65|||0,35|01|53,16|3,00|||1,59||
|C170|8|180290||9,00000|UN|574,65||0|000|5152||574,65|17,00|97,69|0||0|||||||01|574,65|0,65|||3,74|01|574,65|3,00|||17,24||
|C170|9|180770||2,00000|UN|1224,82||0|000|5152||1224,82|17,00|208,22|0||0|||||||01|1224,82|0,65|||7,96|01|1224,82|3,00|||36,74||
|C190|000|5152|17,00|10661,37|10661,37|1812,43|0|0|0|0||
|C100|1|0|800008026|01|00|U|0070212||20012012|20012012|1817,49|0|||1817,49|9||||1817,49|308,97||||||||
|C170|1|890210||2,00000|UN|430,54||0|000|5152||430,54|17,00|73,19|0||0|||||||01|430,54|0,65|||2,80|01|430,54|3,00|||12,92||
|C170|2|890360||5,00000|UN|306,70||0|000|5152||306,70|17,00|52,14|0||0|||||||01|306,70|0,65|||1,99|01|306,70|3,00|||9,20||
|C170|3|890650||2,00000|UN|354,28||0|000|5152||354,28|17,00|60,23|0||0|||||||01|354,28|0,65|||2,30|01|354,28|3,00|||10,63||
|C170|4|890380||3,00000|UN|475,53||0|000|5152||475,53|17,00|80,84|0||0|||||||01|475,53|0,65|||3,09|01|475,53|3,00|||14,27||
|C170|5|890371||2,00000|UN|250,44||0|000|5152||250,44|17,00|42,57|0||0|||||||01|250,44|0,65|||1,63|01|250,44|3,00|||7,51||
|C190|000|5152|17,00|1817,49|1817,49|308,97|0|0|0|0||
|C100|1|0|800008026|01|00|U|0070213||20012012|20012012|5652,71|0|||5652,71|9||||5652,71|960,96||||||||
|C170|1|120020||6,00000|UN|328,08||0|000|5152||328,08|17,00|55,77|0||0|||||||01|328,08|0,65|||2,13|01|328,08|3,00|||9,84||
|C170|2|120060||2,00000|UN|242,24||0|000|5152||242,24|17,00|41,18|0||0|||||||01|242,24|0,65|||1,57|01|242,24|3,00|||7,27||
|C170|3|120070||2,00000|UN|170,30||0|000|5152||170,30|17,00|28,95|0||0|||||||01|170,30|0,65|||1,11|01|170,30|3,00|||5,11||
|C170|4|120080||10,00000|UN|854,90||0|000|5152||854,90|17,00|145,33|0||0|||||||01|854,90|0,65|||5,56|01|854,90|3,00|||25,65||
|C170|5|120090||20,00000|UN|847,00||0|000|5152||847,00|17,00|143,99|0||0|||||||01|847,00|0,65|||5,51|01|847,00|3,00|||25,41||
|C170|6|120110||6,00000|UN|617,40||0|000|5152||617,40|17,00|104,96|0||0|||||||01|617,40|0,65|||4,01|01|617,40|3,00|||18,52||
|C170|7|120150||12,00000|UN|359,76||0|000|5152||359,76|17,00|61,16|0||0|||||||01|359,76|0,65|||2,34|01|359,76|3,00|||10,79||
|C170|8|120170||2,00000|UN|340,84||0|000|5152||340,84|17,00|57,94|0||0|||||||01|340,84|0,65|||2,22|01|340,84|3,00|||10,23||
|C170|9|120190||6,00000|UN|275,40||0|000|5152||275,40|17,00|46,82|0||0|||||||01|275,40|0,65|||1,79|01|275,40|3,00|||8,26||
|C170|10|120200||4,00000|UN|144,00||0|000|5152||144,00|17,00|24,48|0||0|||||||01|144,00|0,65|||0,94|01|144,00|3,00|||4,32||
|C170|11|120210||12,00000|UN|358,44||0|000|5152||358,44|17,00|60,93|0||0|||||||01|358,44|0,65|||2,33|01|358,44|3,00|||10,75||
|C170|12|120220||6,00000|UN|180,00||0|000|5152||180,00|17,00|30,60|0||0|||||||01|180,00|0,65|||1,17|01|180,00|3,00|||5,40||
|C170|13|120230||3,00000|UN|456,27||0|000|5152||456,27|17,00|77,57|0||0|||||||01|456,27|0,65|||2,97|01|456,27|3,00|||13,69||
|C170|14|120240||4,00000|UN|238,96||0|000|5152||238,96|17,00|40,62|0||0|||||||01|238,96|0,65|||1,55|01|238,96|3,00|||7,17||
|C170|15|120250||4,00000|UN|239,12||0|000|5152||239,12|17,00|40,65|0||0|||||||01|239,12|0,65|||1,55|01|239,12|3,00|||7,17||
|C190|000|5152|17,00|5652,71|5652,71|960,96|0|0|0|0||
|C100|1|0|800008026|01|00|U|0070214||20012012|20012012|5605,28|0|||5605,28|9||||5605,28|952,90||||||||
|C170|1|100200||10,00000|UN|2483,20||0|000|5152||2483,20|17,00|422,14|0||0|||||||01|2483,20|0,65|||16,14|01|2483,20|3,00|||74,50||
|C170|2|100210||10,00000|UN|2324,80||0|000|5152||2324,80|17,00|395,22|0||0|||||||01|2324,80|0,65|||15,11|01|2324,80|3,00|||69,74||
|C170|3|120260||12,00000|UN|141,12||0|000|5152||141,12|17,00|23,99|0||0|||||||01|141,12|0,65|||0,92|01|141,12|3,00|||4,23||
|C170|4|120270||6,00000|UN|328,08||0|000|5152||328,08|17,00|55,77|0||0|||||||01|328,08|0,65|||2,13|01|328,08|3,00|||9,84||
|C170|5|120280||6,00000|UN|328,08||0|000|5152||328,08|17,00|55,77|0||0|||||||01|328,08|0,65|||2,13|01|328,08|3,00|||9,84||
|C190|000|5152|17,00|5605,28|5605,28|952,90|0|0|0|0||
|C100|1|0|800008026|01|00|U|0070218||21012012|21012012|2118,75|0|||2118,75|9||||2118,75|360,19||||||||
|C170|1|220200||1,00000|UN|1016,03||0|000|5152||1016,03|17,00|172,73|0||0|||||||01|1016,03|0,65|||6,60|01|1016,03|3,00|||30,48||
|C170|2|220403||1,00000|UN|1102,72||0|000|5152||1102,72|17,00|187,46|0||0|||||||01|1102,72|0,65|||7,17|01|1102,72|3,00|||33,08||
|C190|000|5152|17,00|2118,75|2118,75|360,19|0|0|0|0||
|C100|1|0|800008026|01|00|U|0070219||21012012|21012012|32,13|0|||32,13|9||||32,13|5,46||||||||
|C170|1|710290||3,00000|UN|32,13||0|000|5152||32,13|17,00|5,46|0||0|||||||01|32,13|0,65|||0,21|01|32,13|3,00|||0,96||
|C190|000|5152|17,00|32,13|32,13|5,46|0|0|0|0||
|C100|1|0|800008026|01|00|U|0070220||21012012|21012012|2342,56|0|||2342,56|9||||2342,56|398,24||||||||
|C170|1|180750||2,00000|UN|2342,56||0|000|5152||2342,56|17,00|398,24|0||0|||||||01|2342,56|0,65|||15,23|01|2342,56|3,00|||70,28||
|C190|000|5152|17,00|2342,56|2342,56|398,24|0|0|0|0||
|C100|1|0|800008026|01|00|U|0070139||03012012|03012012|7623,07|0|||7623,07|9||||7623,07|1295,92||||||||
|C170|1|040123||1,00000|UN|458,26||0|000|5152||458,26|17,00|77,90|0||0|||||||01|458,26|0,65|||2,98|01|458,26|3,00|||13,75||
|C170|2|040133||2,00000|UN|964,60||0|000|5152||964,60|17,00|163,98|0||0|||||||01|964,60|0,65|||6,27|01|964,60|3,00|||28,94||
|C170|3|100200||6,00000|UN|1489,92||0|000|5152||1489,92|17,00|253,29|0||0|||||||01|1489,92|0,65|||9,68|01|1489,92|3,00|||44,70||
|C170|4|100160||4,00000|UN|1142,00||0|000|5152||1142,00|17,00|194,14|0||0|||||||01|1142,00|0,65|||7,42|01|1142,00|3,00|||34,26||
|C170|5|290053||2,00000|UN|238,68||0|000|5152||238,68|17,00|40,58|0||0|||||||01|238,68|0,65|||1,55|01|238,68|3,00|||7,16||
|C170|6|200050||3,00000|UN|3329,61||0|000|5152||3329,61|17,00|566,03|0||0|||||||01|3329,61|0,65|||21,64|01|3329,61|3,00|||99,89||
|C190|000|5152|17,00|7623,07|7623,07|1295,92|0|0|0|0||
|C100|1|0|800008072|01|00|U|0070223||23012012|23012012|1399,00|0|||1399,00|9||||0|0||||||||
|C170|1|040103||1,00000|UN|1399,00||0|041|5949|||||0||0|||||||99||||||99|||||||
|C190|041|5949||1399,00|0|0|0|0|0|0||
|C100|1|0|800007297|01|00|U|0070207||19012012|19012012|768,00|0|||768,00|9||||0|0||||||||
|C170|1|100210||1,00000|UN|379,00||0|041|5949|||||0||0|||||||99||||||99|||||||
|C170|2|100220||1,00000|UN|389,00||0|041|5949|||||0||0|||||||99||||||99|||||||
|C190|041|5949||768,00|0|0|0|0|0|0||
|C100|1|0|800007296|01|00|U|0070150||05012012|05012012|1399,00|0|||1399,00|9||||0|0||||||||
|C170|1|040103||1,00000|UN|1399,00||0|041|5949|||||0||0|||||||99||||||99|||||||
|C190|041|5949||1399,00|0|0|0|0|0|0||
|C100|1|0|41|01|00|U|0070286||25012012|25012012|539,00|0|||539,00|9||||0|0||||||||
|C170|1|030533||1,00000|UN|539,00||0|041|5949|||||0||0|||||||99||||||99|||||||
|C190|041|5949||539,00|0|0|0|0|0|0||
|C100|1|0|41|01|00|U|0070339||26012012|26012012|718,00|0|||718,00|9||||0|0||||||||
|C170|1|100063||1,00000|UN|309,00||0|041|5949|||||0||0|||||||99||||||99|||||||
|C170|2|100200||1,00000|UN|409,00||0|041|5949|||||0||0|||||||99||||||99|||||||
|C190|041|5949||718,00|0|0|0|0|0|0||
|C100|1|0|800007294|01|00|U|0070151||05012012|05012012|469,00|0|||469,00|9||||0|0||||||||
|C170|1|100160||1,00000|UN|469,00||0|041|5949|||||0||0|||||||99||||||99|||||||
|C190|041|5949||469,00|0|0|0|0|0|0||
|C100|1|0|800006994|01|00|U|0070153||05012012|05012012|630,00|0|||630,00|9||||0|0||||||||
|C170|1|030580||1,00000|UN|630,00||0|041|5949|||||0||0|||||||99||||||99|||||||
|C190|041|5949||630,00|0|0|0|0|0|0||
|C100|1|0|800006994|01|00|U|0070152||05012012|05012012|430,90|0|||430,90|9||||0|0||||||||
|C170|1|200360||2,00000|UN|264,00||0|041|5915|||||0||0|||||||99||||||99|||||||
|C170|2|200370||1,00000|UN|166,90||0|041|5915|||||0||0|||||||99||||||99|||||||
|C190|041|5915||430,90|0|0|0|0|0|0||
|C100|1|0|800006994|01|00|U|0070157||06012012|06012012|562,44|0|||562,44|9||||0|0||||||||
|C170|1|290210||3,00000|UN|562,44||0|041|5915|||||0||0|||||||99||||||99|||||||
|C190|041|5915||562,44|0|0|0|0|0|0||
|C100|1|0|800006994|01|00|U|0070185||13012012|13012012|1429,00|0|||1429,00|9||||0|0||||||||
|C170|1|040103||1,00000|UN|1429,00||0|041|5949|||||0||0|||||||99||||||99|||||||
|C190|041|5949||1429,00|0|0|0|0|0|0||
|C100|1|0|800006994|01|00|U|0070174||10012012|10012012|1440,00|0|||1440,00|9||||0|0||||||||
|C170|1|030970||1,00000|UN|1440,00||0|041|5949|||||0||0|||||||99||||||99|||||||
|C190|041|5949||1440,00|0|0|0|0|0|0||
|C100|1|0|800006994|01|00|U|0070171||10012012|10012012|338,00|0|||338,00|9||||0|0||||||||
|C170|1|120050||1,00000|UN|159,00||0|041|5949|||||0||0|||||||99||||||99|||||||
|C170|2|160140||1,00000|UN|179,00||0|041|5949|||||0||0|||||||99||||||99|||||||
|C190|041|5949||338,00|0|0|0|0|0|0||
|C100|1|0|800006994|01|00|U|0070143||04012012|04012012|798,96|0|||798,96|9||||0|0||||||||
|C170|1|180760||1,00000|UN|798,96||0|041|5915|||||0||0|||||||99||||||99|||||||
|C190|041|5915||798,96|0|0|0|0|0|0||
|C100|1|0|800007298|01|00|U|0070149||04012012|04012012|3228,00|0|||3228,00|9||||0|0||||||||
|C170|1|030910||1,00000|UN|999,00||0|041|5949|||||0||0|||||||99||||||99|||||||
|C170|2|051320||1,00000|UN|2229,00||0|041|5949|||||0||0|||||||99||||||99|||||||
|C190|041|5949||3228,00|0|0|0|0|0|0||
|C100|0|1|800008028|01|00|1|0475674||27122011|06012012|3935,85|0|||3514,15|1||||3514,15|245,99||||||||
|C170|1|030770||5,00000|UN|3514,15||0|000|2102||3514,15|7,00|245,99|0||0||||||||||||||||||||
|C190|000|2102|7,00|3935,85|3514,15|245,99|0|0|0|0||
|C100|0|1|800008028|01|00|1|0475679||27122011|06012012|612,35|0|||532,48|1||||532,48|37,27||||||||
|C170|1|030553||1,00000|UN|532,48||0|000|2102||532,48|7,00|37,27|0||0||||||||||||||||||||
|C190|000|2102|7,00|612,35|532,48|37,27|0|0|0|0||
|C100|0|1|800008028|01|00|1|0722985||21122011|06012012|6288,24|0|||5988,80|1||||5988,80|419,22||||||||
|C170|1|030033||5,00000|UN|5988,80||0|000|2102||5988,80|7,00|419,22|0||0||||||||||||||||||||
|C190|000|2102|7,00|6288,24|5988,80|419,22|0|0|0|0||
|C100|0|1|800008028|01|00|1|0722986||21122011|06012012|7226,95|0|||6569,95|1||||6569,95|459,90||||||||
|C170|1|030353||5,00000|UN|6569,95||0|000|2102||6569,95|7,00|459,90|0||0||||||||||||||||||||
|C190|000|2102|7,00|7226,95|6569,95|459,90|0|0|0|0||
|C100|0|1|800008028|01|00|1|0730123||28122011|10012012|8106,43|0|||7720,41|1||||7720,41|540,43||||||||
|C170|1|030870||3,00000|UN|7720,41||0|000|2102||7720,41|7,00|540,43|0||0||||||||||||||||||||
|C190|000|2102|7,00|8106,43|7720,41|540,43|0|0|0|0||
|C100|0|1|800008028|01|00|1|0730125||28122011|10012012|308,66|0|||280,60|1||||280,60|19,64||||||||
|C170|1|031240||2,00000|UN|280,60||0|000|2102||280,60|7,00|19,64|0||0||||||||||||||||||||
|C190|000|2102|7,00|308,66|280,60|19,64|0|0|0|0||
|C100|1|0|800008028|01|00|U|0070232||24012012|24012012|8464,75|0|||7360,65|9||||7360,65|515,25||||||||
|C170|1|030030||5,00000|UN|7360,65||0|000|6202||7360,65|7,00|515,25|0||0|||||||01|7360,65|0,65|||47,84|01|7360,65|3,00|||220,82||
|C190|000|6202|7,00|8464,75|7360,65|515,25|0|0|0|0||
|C100|1|0|800008028|01|00|U|0070233||24012012|24012012|1603,53|0|||1394,37|9||||1394,37|97,61||||||||
|C170|1|030030||1,00000|UN|1394,37||0|000|6202||1394,37|7,00|97,61|0||0|||||||01|1394,37|0,65|||9,06|01|1394,37|3,00|||41,83||
|C190|000|6202|7,00|1603,53|1394,37|97,61|0|0|0|0||
|C100|1|0|800008028|01|00|U|0070234||24012012|24012012|4132,24|0|||3593,25|9||||3593,25|251,53||||||||
|C170|1|030033||3,00000|UN|3593,25||0|000|6202||3593,25|7,00|251,53|0||0|||||||01|3593,25|0,65|||23,36|01|3593,25|3,00|||107,80||
|C190|000|6202|7,00|4132,24|3593,25|251,53|0|0|0|0||
|C100|1|0|800008028|01|00|U|0070235||24012012|24012012|4599,26|0|||3999,36|9||||3999,36|279,96||||||||
|C170|1|030053||4,00000|UN|3999,36||0|000|6202||3999,36|7,00|279,96|0||0|||||||01|3999,36|0,65|||26,00|01|3999,36|3,00|||119,98||
|C190|000|6202|7,00|4599,26|3999,36|279,96|0|0|0|0||
|C100|1|0|800008028|01|00|U|0070236||24012012|24012012|21278,22|0|||18502,80|9||||18502,80|1295,20||||||||
|C170|1|030093||17,00000|UN|18502,80||0|000|6202||18502,80|7,00|1295,20|0||0|||||||01|18502,80|0,65|||120,27|01|18502,80|3,00|||555,08||
|C190|000|6202|7,00|21278,22|18502,80|1295,20|0|0|0|0||
|C100|1|0|800008028|01|00|U|0070237||24012012|24012012|9265,15|0|||8056,65|9||||8056,65|563,97||||||||
|C170|1|030100||5,00000|UN|8056,65||0|000|6202||8056,65|7,00|563,97|0||0|||||||01|8056,65|0,65|||52,37|01|8056,65|3,00|||241,70||
|C190|000|6202|7,00|9265,15|8056,65|563,97|0|0|0|0||
|C100|1|0|800008028|01|00|U|0070238||24012012|24012012|5559,09|0|||4833,99|9||||4833,99|338,38||||||||
|C170|1|030100||3,00000|UN|4833,99||0|000|6202||4833,99|7,00|338,38|0||0|||||||01|4833,99|0,65|||31,42|01|4833,99|3,00|||145,02||
|C190|000|6202|7,00|5559,09|4833,99|338,38|0|0|0|0||
|C100|1|0|800008028|01|00|U|0070239||24012012|24012012|16677,27|0|||14501,97|9||||14501,97|1015,14||||||||
|C170|1|030100||9,00000|UN|14501,97||0|000|6202||14501,97|7,00|1015,14|0||0|||||||01|14501,97|0,65|||94,26|01|14501,97|3,00|||435,06||
|C190|000|6202|7,00|16677,27|14501,97|1015,14|0|0|0|0||
|C100|1|0|800008028|01|00|U|0070240||24012012|24012012|5078,75|0|||4416,30|9||||4416,30|309,14||||||||
|C170|1|030113||3,00000|UN|4416,30||0|000|6202||4416,30|7,00|309,14|0||0|||||||01|4416,30|0,65|||28,71|01|4416,30|3,00|||132,49||
|C190|000|6202|7,00|5078,75|4416,30|309,14|0|0|0|0||
|C100|1|0|800008028|01|00|U|0070241||24012012|24012012|10030,59|0|||8722,25|9||||8722,25|610,56||||||||
|C170|1|030123||5,00000|UN|8722,25||0|000|6202||8722,25|7,00|610,56|0||0|||||||01|8722,25|0,65|||56,69|01|8722,25|3,00|||261,67||
|C190|000|6202|7,00|10030,59|8722,25|610,56|0|0|0|0||
|C100|1|0|800008028|01|00|U|0070242||24012012|24012012|10030,59|0|||8722,25|9||||8722,25|610,56||||||||
|C170|1|030123||5,00000|UN|8722,25||0|000|6202||8722,25|7,00|610,56|0||0|||||||01|8722,25|0,65|||56,69|01|8722,25|3,00|||261,67||
|C190|000|6202|7,00|10030,59|8722,25|610,56|0|0|0|0||
|C100|1|0|800008028|01|00|U|0070243||24012012|24012012|6041,07|0|||5253,10|9||||5253,10|367,72||||||||
|C170|1|030130||5,00000|UN|5253,10||0|000|6202||5253,10|7,00|367,72|0||0|||||||01|5253,10|0,65|||34,15|01|5253,10|3,00|||157,59||
|C190|000|6202|7,00|6041,07|5253,10|367,72|0|0|0|0||
|C100|1|0|800008028|01|00|U|0070244||24012012|24012012|6041,07|0|||5253,10|9||||5253,10|367,72||||||||
|C170|1|030130||5,00000|UN|5253,10||0|000|6202||5253,10|7,00|367,72|0||0|||||||01|5253,10|0,65|||34,15|01|5253,10|3,00|||157,59||
|C190|000|6202|7,00|6041,07|5253,10|367,72|0|0|0|0||
|C100|1|0|800008028|01|00|U|0070245||24012012|24012012|9665,80|0|||8405,04|9||||8405,04|588,35||||||||
|C170|1|030130||8,00000|UN|8405,04||0|000|6202||8405,04|7,00|588,35|0||0|||||||01|8405,04|0,65|||54,63|01|8405,04|3,00|||252,15||
|C190|000|6202|7,00|9665,80|8405,04|588,35|0|0|0|0||
|C100|1|0|800008028|01|00|U|0070247||24012012|24012012|2114,94|0|||1839,08|9||||1839,08|128,74||||||||
|C170|1|030133||2,00000|UN|1839,08||0|000|6202||1839,08|7,00|128,74|0||0|||||||01|1839,08|0,65|||11,95|01|1839,08|3,00|||55,17||
|C190|000|6202|7,00|2114,94|1839,08|128,74|0|0|0|0||
|C100|1|0|800008028|01|00|U|0070248||24012012|24012012|3172,41|0|||2758,62|9||||2758,62|193,10||||||||
|C170|1|030133||3,00000|UN|2758,62||0|000|6202||2758,62|7,00|193,10|0||0|||||||01|2758,62|0,65|||17,93|01|2758,62|3,00|||82,76||
|C190|000|6202|7,00|3172,41|2758,62|193,10|0|0|0|0||
|C100|1|0|800008028|01|00|U|0070249||24012012|24012012|7599,84|0|||6608,56|9||||6608,56|462,60||||||||
|C170|1|030143||7,00000|UN|6608,56||0|000|6202||6608,56|7,00|462,60|0||0|||||||01|6608,56|0,65|||42,96|01|6608,56|3,00|||198,26||
|C190|000|6202|7,00|7599,84|6608,56|462,60|0|0|0|0||
|C100|1|0|800008028|01|00|U|0070250||24012012|24012012|7164,37|0|||6229,89|9||||6229,89|436,09||||||||
|C170|1|030223||3,00000|UN|6229,89||0|000|6202||6229,89|7,00|436,09|0||0|||||||01|6229,89|0,65|||40,49|01|6229,89|3,00|||186,90||
|C190|000|6202|7,00|7164,37|6229,89|436,09|0|0|0|0||
|C100|1|0|800008028|01|00|U|0070251||25012012|25012012|2928,00|0|||2440,00|9||||2440,00|170,80||||||||
|C170|1|030283||10,00000|UN|2440,00||0|000|6202||2440,00|7,00|170,80|0||0|||||||01|2440,00|0,65|||15,86|01|2440,00|3,00|||73,20||
|C190|000|6202|7,00|2928,00|2440,00|170,80|0|0|0|0||
|C100|1|0|800008028|01|00|U|0070252||25012012|25012012|585,60|0|||488,00|9||||488,00|34,16||||||||
|C170|1|030283||2,00000|UN|488,00||0|000|6202||488,00|7,00|34,16|0||0|||||||01|488,00|0,65|||3,17|01|488,00|3,00|||14,64||
|C190|000|6202|7,00|585,60|488,00|34,16|0|0|0|0||
|C100|1|0|800008028|01|00|U|0070253||25012012|25012012|7883,94|0|||6569,95|9||||6569,95|459,90||||||||
|C170|1|030353||5,00000|UN|6569,95||0|000|6202||6569,95|7,00|459,90|0||0|||||||01|6569,95|0,65|||42,70|01|6569,95|3,00|||197,10||
|C190|000|6202|7,00|7883,94|6569,95|459,90|0|0|0|0||
|C100|1|0|800008028|01|00|U|0070254||25012012|25012012|3923,35|0|||3269,46|9||||3269,46|228,86||||||||
|C170|1|030353||3,00000|UN|3269,46||0|000|6202||3269,46|7,00|228,86|0||0|||||||01|3269,46|0,65|||21,25|01|3269,46|3,00|||98,08||
|C190|000|6202|7,00|3923,35|3269,46|228,86|0|0|0|0||
|C100|1|0|800008028|01|00|U|0070255||25012012|25012012|4515,46|0|||3926,49|9||||3926,49|274,85||||||||
|C170|1|030830||3,00000|UN|3926,49||0|000|6202||3926,49|7,00|274,85|0||0|||||||01|3926,49|0,65|||25,52|01|3926,49|3,00|||117,79||
|C190|000|6202|7,00|4515,46|3926,49|274,85|0|0|0|0||
|C100|1|0|800008028|01|00|U|0070256||25012012|25012012|16283,54|0|||14159,60|9||||14159,60|991,17||||||||
|C170|1|030103||10,00000|UN|14159,60||0|000|6202||14159,60|7,00|991,17|0||0|||||||01|14159,60|0,65|||92,04|01|14159,60|3,00|||424,79||
|C190|000|6202|7,00|16283,54|14159,60|991,17|0|0|0|0||
|C100|1|0|800008028|01|00|U|0070258||25012012|25012012|2074,97|0|||1804,32|9||||1804,32|126,30||||||||
|C170|1|030940||2,00000|UN|1804,32||0|000|6202||1804,32|7,00|126,30|0||0|||||||01|1804,32|0,65|||11,73|01|1804,32|3,00|||54,13||
|C190|000|6202|7,00|2074,97|1804,32|126,30|0|0|0|0||
|C100|1|0|800008028|01|00|U|0070259||25012012|25012012|1037,48|0|||902,16|9||||902,16|63,15||||||||
|C170|1|030940||1,00000|UN|902,16||0|000|6202||902,16|7,00|63,15|0||0|||||||01|902,16|0,65|||5,86|01|902,16|3,00|||27,06||
|C190|000|6202|7,00|1037,48|902,16|63,15|0|0|0|0||
|C100|1|0|800008028|01|00|U|0070260||25012012|25012012|2998,34|0|||2607,25|9||||2607,25|182,51||||||||
|C170|1|030950||5,00000|UN|2607,25||0|000|6202||2607,25|7,00|182,51|0||0|||||||01|2607,25|0,65|||16,95|01|2607,25|3,00|||78,22||
|C190|000|6202|7,00|2998,34|2607,25|182,51|0|0|0|0||
|C100|1|0|800008028|01|00|U|0070261||25012012|25012012|2398,67|0|||2085,80|9||||2085,80|146,01||||||||
|C170|1|030950||4,00000|UN|2085,80||0|000|6202||2085,80|7,00|146,01|0||0|||||||01|2085,80|0,65|||13,56|01|2085,80|3,00|||62,57||
|C190|000|6202|7,00|2398,67|2085,80|146,01|0|0|0|0||
|C100|1|0|800008028|01|00|U|0070262||25012012|25012012|419,77|0|||365,02|9||||365,02|25,55||||||||
|C170|1|030950||1,00000|UN|365,02||0|000|6202||365,02|7,00|25,55|0||0|||||||01|365,02|0,65|||2,37|01|365,02|3,00|||10,95||
|C190|000|6202|7,00|419,77|365,02|25,55|0|0|0|0||
|C100|1|0|800008028|01|00|U|0070263||25012012|25012012|599,66|0|||521,44|9||||521,44|36,50||||||||
|C170|1|030951||1,00000|UN|521,44||0|000|6202||521,44|7,00|36,50|0||0|||||||01|521,44|0,65|||3,39|01|521,44|3,00|||15,64||
|C190|000|6202|7,00|599,66|521,44|36,50|0|0|0|0||
|C100|1|0|800008028|01|00|U|0070264||25012012|25012012|9768,91|0|||8494,70|9||||8494,70|594,63||||||||
|C170|1|030970||10,00000|UN|8494,70||0|000|6202||8494,70|7,00|594,63|0||0|||||||01|8494,70|0,65|||55,22|01|8494,70|3,00|||254,84||
|C190|000|6202|7,00|9768,91|8494,70|594,63|0|0|0|0||
|C100|1|0|800008028|01|00|U|0070265||25012012|25012012|976,89|0|||849,47|9||||849,47|59,46||||||||
|C170|1|030970||1,00000|UN|849,47||0|000|6202||849,47|7,00|59,46|0||0|||||||01|849,47|0,65|||5,52|01|849,47|3,00|||25,48||
|C190|000|6202|7,00|976,89|849,47|59,46|0|0|0|0||
|C100|1|0|800008028|01|00|U|0070266||25012012|25012012|1377,42|0|||1197,76|9||||1197,76|83,84||||||||
|C170|1|030033||1,00000|UN|1197,76||0|000|6202||1197,76|7,00|83,84|0||0|||||||01|1197,76|0,65|||7,79|01|1197,76|3,00|||35,93||
|C190|000|6202|7,00|1377,42|1197,76|83,84|0|0|0|0||
|C100|1|0|800008028|01|00|U|0070267||25012012|25012012|5649,78|0|||4708,15|9||||4708,15|329,57||||||||
|C170|1|030333||5,00000|UN|4708,15||0|000|6202||4708,15|7,00|329,57|0||0|||||||01|4708,15|0,65|||30,60|01|4708,15|3,00|||141,24||
|C190|000|6202|7,00|5649,78|4708,15|329,57|0|0|0|0||
|C100|1|0|800008028|01|00|U|0070268||25012012|25012012|9039,65|0|||7533,04|9||||7533,04|527,31||||||||
|C170|1|030333||8,00000|UN|7533,04||0|000|6202||7533,04|7,00|527,31|0||0|||||||01|7533,04|0,65|||48,96|01|7533,04|3,00|||225,99||
|C190|000|6202|7,00|9039,65|7533,04|527,31|0|0|0|0||
|C100|1|0|800008028|01|00|U|0070269||25012012|25012012|3957,62|0|||3298,02|9||||3298,02|230,86||||||||
|C170|1|030343||2,00000|UN|3298,02||0|000|6202||3298,02|7,00|230,86|0||0|||||||01|3298,02|0,65|||21,44|01|3298,02|3,00|||98,94||
|C190|000|6202|7,00|3957,62|3298,02|230,86|0|0|0|0||
|C100|1|0|800008028|01|00|U|0070270||25012012|25012012|736,61|0|||613,84|9||||613,84|42,97||||||||
|C170|1|030373||1,00000|UN|613,84||0|000|6202||613,84|7,00|42,97|0||0|||||||01|613,84|0,65|||3,99|01|613,84|3,00|||18,42||
|C190|000|6202|7,00|736,61|613,84|42,97|0|0|0|0||
|C100|1|0|800008028|01|00|U|0070271||25012012|25012012|3649,31|0|||3508,95|9||||3508,95|245,63||||||||
|C170|1|030403||5,00000|UN|3508,95||0|000|6202||3508,95|7,00|245,63|0||0|||||||01|3508,95|0,65|||22,81|01|3508,95|3,00|||105,27||
|C190|000|6202|7,00|3649,31|3508,95|245,63|0|0|0|0||
|C100|1|0|800008028|01|00|U|0070272||25012012|25012012|1459,74|0|||1403,60|9||||1403,60|98,25||||||||
|C170|1|030403||2,00000|UN|1403,60||0|000|6202||1403,60|7,00|98,25|0||0|||||||01|1403,60|0,65|||9,12|01|1403,60|3,00|||42,11||
|C190|000|6202|7,00|1459,74|1403,60|98,25|0|0|0|0||
|C100|1|0|800008028|01|00|U|0070273||25012012|25012012|10894,42|0|||10475,40|9||||10475,40|733,28||||||||
|C170|1|030460||13,00000|UN|10475,40||0|000|6202||10475,40|7,00|733,28|0||0|||||||01|10475,40|0,65|||68,09|01|10475,40|3,00|||314,26||
|C190|000|6202|7,00|10894,42|10475,40|733,28|0|0|0|0||
|C100|1|0|800008028|01|00|U|0070274||25012012|25012012|1369,68|0|||1317,00|9||||1317,00|92,19||||||||
|C170|1|030720||5,00000|UN|1317,00||0|000|6202||1317,00|7,00|92,19|0||0|||||||01|1317,00|0,65|||8,56|01|1317,00|3,00|||39,51||
|C190|000|6202|7,00|1369,68|1317,00|92,19|0|0|0|0||
|C100|1|0|800008028|01|00|U|0070275||25012012|25012012|730,94|0|||702,83|9||||702,83|49,20||||||||
|C170|1|030760||1,00000|UN|702,83||0|000|6202||702,83|7,00|49,20|0||0|||||||01|702,83|0,65|||4,57|01|702,83|3,00|||21,08||
|C190|000|6202|7,00|730,94|702,83|49,20|0|0|0|0||
|C100|1|0|800008028|01|00|U|0070276||25012012|25012012|1853,33|0|||1782,05|9||||1782,05|124,74||||||||
|C170|1|030900||5,00000|UN|1782,05||0|000|6202||1782,05|7,00|124,74|0||0|||||||01|1782,05|0,65|||11,58|01|1782,05|3,00|||53,46||
|C190|000|6202|7,00|1853,33|1782,05|124,74|0|0|0|0||
|C100|1|0|800008028|01|00|U|0070277||25012012|25012012|1482,67|0|||1425,64|9||||1425,64|99,79||||||||
|C170|1|030900||4,00000|UN|1425,64||0|000|6202||1425,64|7,00|99,79|0||0|||||||01|1425,64|0,65|||9,27|01|1425,64|3,00|||42,77||
|C190|000|6202|7,00|1482,67|1425,64|99,79|0|0|0|0||
|C100|1|0|800008028|01|00|U|0070278||25012012|25012012|2812,94|0|||2704,75|9||||2704,75|189,33||||||||
|C170|1|030910||5,00000|UN|2704,75||0|000|6202||2704,75|7,00|189,33|0||0|||||||01|2704,75|0,65|||17,58|01|2704,75|3,00|||81,14||
|C190|000|6202|7,00|2812,94|2704,75|189,33|0|0|0|0||
|C100|1|0|800008028|01|00|U|0070279||25012012|25012012|1125,18|0|||1081,90|9||||1081,90|75,73||||||||
|C170|1|030910||2,00000|UN|1081,90||0|000|6202||1081,90|7,00|75,73|0||0|||||||01|1081,90|0,65|||7,03|01|1081,90|3,00|||32,46||
|C190|000|6202|7,00|1125,18|1081,90|75,73|0|0|0|0||
|C100|1|0|800008028|01|00|U|0070280||25012012|25012012|4762,93|0|||4579,74|9||||4579,74|320,58||||||||
|C170|1|031030||6,00000|UN|4579,74||0|000|6202||4579,74|7,00|320,58|0||0|||||||01|4579,74|0,65|||29,77|01|4579,74|3,00|||137,39||
|C190|000|6202|7,00|4762,93|4579,74|320,58|0|0|0|0||
|C100|1|0|800008028|01|00|U|0070281||25012012|25012012|5149,51|0|||4951,45|9||||4951,45|346,60||||||||
|C170|1|031073||5,00000|UN|4951,45||0|000|6202||4951,45|7,00|346,60|0||0|||||||01|4951,45|0,65|||32,18|01|4951,45|3,00|||148,54||
|C190|000|6202|7,00|5149,51|4951,45|346,60|0|0|0|0||
|C100|1|0|800008028|01|00|U|0070282||25012012|25012012|3089,70|0|||2970,87|9||||2970,87|207,96||||||||
|C170|1|031073||3,00000|UN|2970,87||0|000|6202||2970,87|7,00|207,96|0||0|||||||01|2970,87|0,65|||19,31|01|2970,87|3,00|||89,13||
|C190|000|6202|7,00|3089,70|2970,87|207,96|0|0|0|0||
|C100|1|0|800008028|01|00|U|0070283||25012012|25012012|14220,61|0|||13673,66|9||||13673,66|957,16||||||||
|C170|1|031160||13,00000|UN|13673,66||0|000|6202||13673,66|7,00|957,16|0||0|||||||01|13673,66|0,65|||88,88|01|13673,66|3,00|||410,21||
|C190|000|6202|7,00|14220,61|13673,66|957,16|0|0|0|0||
|C100|1|0|800008028|01|00|U|0070284||25012012|25012012|5789,37|0|||5566,70|9||||5566,70|389,67||||||||
|C170|1|031170||5,00000|UN|5566,70||0|000|6202||5566,70|7,00|389,67|0||0|||||||01|5566,70|0,65|||36,18|01|5566,70|3,00|||167,00||
|C190|000|6202|7,00|5789,37|5566,70|389,67|0|0|0|0||
|C100|1|0|800008028|01|00|U|0070285||25012012|25012012|4631,49|0|||4453,36|9||||4453,36|311,74||||||||
|C170|1|031170||4,00000|UN|4453,36||0|000|6202||4453,36|7,00|311,74|0||0|||||||01|4453,36|0,65|||28,95|01|4453,36|3,00|||133,60||
|C190|000|6202|7,00|4631,49|4453,36|311,74|0|0|0|0||
|C100|1|0|800008028|01|00|U|0070287||25012012|25012012|1460,50|0|||1270,00|9||||1270,00|152,40||||||||
|C170|1|030073||1,00000|UN|1270,00||0|000|6202||1270,00|12,00|152,40|0||0|||||||01|1270,00|0,65|||8,26|01|1270,00|3,00|||38,10||
|C190|000|6202|12,00|1460,50|1270,00|152,40|0|0|0|0||
|C100|1|0|800008028|01|00|U|0070288||25012012|25012012|2118,02|0|||1765,02|9||||1765,02|211,80||||||||
|C170|1|030363||3,00000|UN|1765,02||0|000|6202||1765,02|12,00|211,80|0||0|||||||01|1765,02|0,65|||11,47|01|1765,02|3,00|||52,95||
|C190|000|6202|12,00|2118,02|1765,02|211,80|0|0|0|0||
|C100|1|0|800008028|01|00|U|0070289||25012012|25012012|6354,07|0|||5295,06|9||||5295,06|635,41||||||||
|C170|1|030363||9,00000|UN|5295,06||0|000|6202||5295,06|12,00|635,41|0||0|||||||01|5295,06|0,65|||34,42|01|5295,06|3,00|||158,85||
|C190|000|6202|12,00|6354,07|5295,06|635,41|0|0|0|0||
|C100|1|0|800008028|01|00|U|0070290||25012012|25012012|15667,44|0|||13056,20|9||||13056,20|1566,74||||||||
|C170|1|030373||20,00000|UN|13056,20||0|000|6202||13056,20|12,00|1566,74|0||0|||||||01|13056,20|0,65|||84,87|01|13056,20|3,00|||391,69||
|C190|000|6202|12,00|15667,44|13056,20|1566,74|0|0|0|0||
|C100|1|0|800008028|01|00|U|0070291||25012012|25012012|6266,98|0|||5222,48|9||||5222,48|626,70||||||||
|C170|1|030373||8,00000|UN|5222,48||0|000|6202||5222,48|12,00|626,70|0||0|||||||01|5222,48|0,65|||33,95|01|5222,48|3,00|||156,67||
|C190|000|6202|12,00|6266,98|5222,48|626,70|0|0|0|0||
|C100|1|0|800008028|01|00|U|0070292||25012012|25012012|6924,86|0|||5770,72|9||||5770,72|692,49||||||||
|C170|1|030383||8,00000|UN|5770,72||0|000|6202||5770,72|12,00|692,49|0||0|||||||01|5770,72|0,65|||37,51|01|5770,72|3,00|||173,12||
|C190|000|6202|12,00|6924,86|5770,72|692,49|0|0|0|0||
|C100|1|0|800008028|01|00|U|0070293||25012012|25012012|3462,43|0|||2885,36|9||||2885,36|346,24||||||||
|C170|1|030383||4,00000|UN|2885,36||0|000|6202||2885,36|12,00|346,24|0||0|||||||01|2885,36|0,65|||18,75|01|2885,36|3,00|||86,56||
|C190|000|6202|12,00|3462,43|2885,36|346,24|0|0|0|0||
|C100|1|0|800008028|01|00|U|0070294||25012012|25012012|865,61|0|||721,34|9||||721,34|86,56||||||||
|C170|1|030383||1,00000|UN|721,34||0|000|6202||721,34|12,00|86,56|0||0|||||||01|721,34|0,65|||4,69|01|721,34|3,00|||21,64||
|C190|000|6202|12,00|865,61|721,34|86,56|0|0|0|0||
|C100|1|0|800008028|01|00|U|0070295||25012012|25012012|9065,88|0|||7554,90|9||||7554,90|906,59||||||||
|C170|1|030393||10,00000|UN|7554,90||0|000|6202||7554,90|12,00|906,59|0||0|||||||01|7554,90|0,65|||49,11|01|7554,90|3,00|||226,65||
|C190|000|6202|12,00|9065,88|7554,90|906,59|0|0|0|0||
|C100|1|0|800008028|01|00|U|0070296||25012012|25012012|5053,67|0|||4859,30|9||||4859,30|583,12||||||||
|C170|1|030433||10,00000|UN|4859,30||0|000|6202||4859,30|12,00|583,12|0||0|||||||01|4859,30|0,65|||31,59|01|4859,30|3,00|||145,78||
|C190|000|6202|12,00|5053,67|4859,30|583,12|0|0|0|0||
|C100|1|0|800008028|01|00|U|0070297||25012012|25012012|7889,96|0|||7586,50|9||||7586,50|910,38||||||||
|C170|1|030443||10,00000|UN|7586,50||0|000|6202||7586,50|12,00|910,38|0||0|||||||01|7586,50|0,65|||49,31|01|7586,50|3,00|||227,60||
|C190|000|6202|12,00|7889,96|7586,50|910,38|0|0|0|0||
|C100|1|0|800008028|01|00|U|0070298||25012012|25012012|3155,98|0|||3034,60|9||||3034,60|364,15||||||||
|C170|1|030443||4,00000|UN|3034,60||0|000|6202||3034,60|12,00|364,15|0||0|||||||01|3034,60|0,65|||19,72|01|3034,60|3,00|||91,04||
|C190|000|6202|12,00|3155,98|3034,60|364,15|0|0|0|0||
|C100|1|0|800008028|01|00|U|0070299||25012012|25012012|6060,91|0|||5827,80|9||||5827,80|699,34||||||||
|C170|1|030450||10,00000|UN|5827,80||0|000|6202||5827,80|12,00|699,34|0||0|||||||01|5827,80|0,65|||37,88|01|5827,80|3,00|||174,83||
|C190|000|6202|12,00|6060,91|5827,80|699,34|0|0|0|0||
|C100|1|0|800008028|01|00|U|0070300||25012012|25012012|3030,46|0|||2913,90|9||||2913,90|349,67||||||||
|C170|1|030450||5,00000|UN|2913,90||0|000|6202||2913,90|12,00|349,67|0||0|||||||01|2913,90|0,65|||18,94|01|2913,90|3,00|||87,42||
|C190|000|6202|12,00|3030,46|2913,90|349,67|0|0|0|0||
|C100|1|0|800008028|01|00|U|0070301||25012012|25012012|606,09|0|||582,78|9||||582,78|69,93||||||||
|C170|1|030450||1,00000|UN|582,78||0|000|6202||582,78|12,00|69,93|0||0|||||||01|582,78|0,65|||3,79|01|582,78|3,00|||17,48||
|C190|000|6202|12,00|606,09|582,78|69,93|0|0|0|0||
|C100|1|0|800008028|01|00|U|0070302||25012012|25012012|1844,61|0|||1604,01|9||||1604,01|192,48||||||||
|C170|1|030880||1,00000|UN|1604,01||0|000|6202||1604,01|12,00|192,48|0||0|||||||01|1604,01|0,65|||10,43|01|1604,01|3,00|||48,12||
|C190|000|6202|12,00|1844,61|1604,01|192,48|0|0|0|0||
|C100|1|0|800008028|01|00|U|0070331||25012012|25012012|3172,00|0|||2758,21|9||||2758,21|193,07||||||||
|C170|1|030133||3,00000|UN|2758,21||0|000|6202||2758,21|7,00|193,07|0||0|||||||01|2758,21|0,65|||17,93|01|2758,21|3,00|||82,75||
|C190|000|6202|7,00|3172,00|2758,21|193,07|0|0|0|0||
|C100|1|0|800006986|01|00|U|0070303||25012012|25012012|4615,18|0|||4013,20|9||||4013,20|280,92||||||||
|C170|1|040123||10,00000|UN|4013,20||0|000|6202||4013,20|7,00|280,92|0||0|||||||01|4013,20|0,65|||26,09|01|4013,20|3,00|||120,40||
|C190|000|6202|7,00|4615,18|4013,20|280,92|0|0|0|0||
|C100|1|0|800006986|01|00|U|0070304||25012012|25012012|7174,62|0|||6238,80|9||||6238,80|436,72||||||||
|C170|1|040133||15,00000|UN|6238,80||0|000|6202||6238,80|7,00|436,72|0||0|||||||01|6238,80|0,65|||40,55|01|6238,80|3,00|||187,16||
|C190|000|6202|7,00|7174,62|6238,80|436,72|0|0|0|0||
|C100|1|0|800006986|01|00|U|0070305||25012012|25012012|3826,92|0|||3327,76|9||||3327,76|232,94||||||||
|C170|1|040133||8,00000|UN|3327,76||0|000|6202||3327,76|7,00|232,94|0||0|||||||01|3327,76|0,65|||21,63|01|3327,76|3,00|||99,83||
|C190|000|6202|7,00|3826,92|3327,76|232,94|0|0|0|0||
|C100|1|0|800006986|01|00|U|0070306||25012012|25012012|9158,72|0|||7964,10|9||||7964,10|557,49||||||||
|C170|1|040173||15,00000|UN|7964,10||0|000|6202||7964,10|7,00|557,49|0||0|||||||01|7964,10|0,65|||51,77|01|7964,10|3,00|||238,92||
|C190|000|6202|7,00|9158,72|7964,10|557,49|0|0|0|0||
|C100|1|0|800006986|01|00|U|0070307||25012012|25012012|1221,16|0|||1061,88|9||||1061,88|74,33||||||||
|C170|1|040173||2,00000|UN|1061,88||0|000|6202||1061,88|7,00|74,33|0||0|||||||01|1061,88|0,65|||6,90|01|1061,88|3,00|||31,86||
|C190|000|6202|7,00|1221,16|1061,88|74,33|0|0|0|0||
|C100|1|0|800006986|01|00|U|0070308||25012012|25012012|2752,01|0|||2393,05|9||||2393,05|167,51||||||||
|C170|1|040183||5,00000|UN|2393,05||0|000|6202||2393,05|7,00|167,51|0||0|||||||01|2393,05|0,65|||15,55|01|2393,05|3,00|||71,79||
|C190|000|6202|7,00|2752,01|2393,05|167,51|0|0|0|0||
|C100|1|0|800006986|01|00|U|0070309||25012012|25012012|2752,01|0|||2393,05|9||||2393,05|167,51||||||||
|C170|1|040183||5,00000|UN|2393,05||0|000|6202||2393,05|7,00|167,51|0||0|||||||01|2393,05|0,65|||15,55|01|2393,05|3,00|||71,79||
|C190|000|6202|7,00|2752,01|2393,05|167,51|0|0|0|0||
|C100|1|0|800006986|01|00|U|0070310||25012012|25012012|1937,38|0|||1684,68|9||||1684,68|117,93||||||||
|C170|1|040203||2,00000|UN|1684,68||0|000|6202||1684,68|7,00|117,93|0||0|||||||01|1684,68|0,65|||10,95|01|1684,68|3,00|||50,54||
|C190|000|6202|7,00|1937,38|1684,68|117,93|0|0|0|0||
|C100|1|0|800006986|01|00|U|0070311||25012012|25012012|5812,15|0|||5054,04|9||||5054,04|353,78||||||||
|C170|1|040203||6,00000|UN|5054,04||0|000|6202||5054,04|7,00|353,78|0||0|||||||01|5054,04|0,65|||32,85|01|5054,04|3,00|||151,62||
|C190|000|6202|7,00|5812,15|5054,04|353,78|0|0|0|0||
|C100|1|0|800006986|01|00|U|0070312||25012012|25012012|968,69|0|||842,34|9||||842,34|58,96||||||||
|C170|1|040203||1,00000|UN|842,34||0|000|6202||842,34|7,00|58,96|0||0|||||||01|842,34|0,65|||5,48|01|842,34|3,00|||25,27||
|C190|000|6202|7,00|968,69|842,34|58,96|0|0|0|0||
|C100|1|0|800006986|01|00|U|0070313||25012012|25012012|4595,17|0|||3995,80|9||||3995,80|279,71||||||||
|C170|1|040223||5,00000|UN|3995,80||0|000|6202||3995,80|7,00|279,71|0||0|||||||01|3995,80|0,65|||25,97|01|3995,80|3,00|||119,87||
|C190|000|6202|7,00|4595,17|3995,80|279,71|0|0|0|0||
|C100|1|0|800006986|01|00|U|0070314||25012012|25012012|1489,66|0|||1295,36|9||||1295,36|90,68||||||||
|C170|1|040233||1,00000|UN|1295,36||0|000|6202||1295,36|7,00|90,68|0||0|||||||01|1295,36|0,65|||8,42|01|1295,36|3,00|||38,86||
|C190|000|6202|7,00|1489,66|1295,36|90,68|0|0|0|0||
|C100|1|0|800006986|01|00|U|0070315||25012012|25012012|8463,68|0|||7359,72|9||||7359,72|515,18||||||||
|C170|1|040240||6,00000|UN|7359,72||0|000|6202||7359,72|7,00|515,18|0||0|||||||01|7359,72|0,65|||47,84|01|7359,72|3,00|||220,79||
|C190|000|6202|7,00|8463,68|7359,72|515,18|0|0|0|0||
|C100|1|0|800006986|01|00|U|0070316||25012012|25012012|2307,59|0|||2006,60|9||||2006,60|140,46||||||||
|C170|1|040123||5,00000|UN|2006,60||0|000|6202||2006,60|7,00|140,46|0||0|||||||01|2006,60|0,65|||13,04|01|2006,60|3,00|||60,20||
|C190|000|6202|7,00|2307,59|2006,60|140,46|0|0|0|0||
|C100|1|0|800006986|01|00|U|0070317||25012012|25012012|7073,77|0|||6151,10|9||||6151,10|738,13||||||||
|C170|1|040013||10,00000|UN|6151,10||0|000|6202||6151,10|12,00|738,13|0||0|||||||01|6151,10|0,65|||39,98|01|6151,10|3,00|||184,53||
|C190|000|6202|12,00|7073,77|6151,10|738,13|0|0|0|0||
|C100|1|0|800006986|01|00|U|0070318||25012012|25012012|1407,72|0|||1224,10|9||||1224,10|146,89||||||||
|C170|1|040013||2,00000|UN|1224,10||0|000|6202||1224,10|12,00|146,89|0||0|||||||01|1224,10|0,65|||7,96|01|1224,10|3,00|||36,72||
|C190|000|6202|12,00|1407,72|1224,10|146,89|0|0|0|0||
|C100|1|0|800006986|01|00|U|0070319||25012012|25012012|4946,81|0|||4301,57|9||||4301,57|516,19||||||||
|C170|1|040053||7,00000|UN|4301,57||0|000|6202||4301,57|12,00|516,19|0||0|||||||01|4301,57|0,65|||27,96|01|4301,57|3,00|||129,05||
|C190|000|6202|12,00|4946,81|4301,57|516,19|0|0|0|0||
|C100|1|0|800006986|01|00|U|0070320||25012012|25012012|4654,83|0|||4047,68|9||||4047,68|485,72||||||||
|C170|1|040143||8,00000|UN|4047,68||0|000|6202||4047,68|12,00|485,72|0||0|||||||01|4047,68|0,65|||26,31|01|4047,68|3,00|||121,43||
|C190|000|6202|12,00|4654,83|4047,68|485,72|0|0|0|0||
|C100|1|0|800006986|01|00|U|0070321||25012012|25012012|1645,08|0|||1430,50|9||||1430,50|171,66||||||||
|C170|1|040213||2,00000|UN|1430,50||0|000|6202||1430,50|12,00|171,66|0||0|||||||01|1430,50|0,65|||9,30|01|1430,50|3,00|||42,92||
|C190|000|6202|12,00|1645,08|1430,50|171,66|0|0|0|0||
|C100|1|0|800006986|01|00|U|0070322||25012012|25012012|467,32|0|||389,43|9||||389,43|46,73||||||||
|C170|1|040423||1,00000|UN|389,43||0|000|6202||389,43|12,00|46,73|0||0|||||||01|389,43|0,65|||2,53|01|389,43|3,00|||11,68||
|C190|000|6202|12,00|467,32|389,43|46,73|0|0|0|0||
|C100|1|0|800006986|01|00|U|0070323||25012012|25012012|4441,14|0|||3700,95|9||||3700,95|444,11||||||||
|C170|1|040453||11,00000|UN|3700,95||0|000|6202||3700,95|12,00|444,11|0||0|||||||01|3700,95|0,65|||24,06|01|3700,95|3,00|||111,03||
|C190|000|6202|12,00|4441,14|3700,95|444,11|0|0|0|0||
|C100|1|0|800006986|01|00|U|0070324||25012012|25012012|6083,17|0|||5849,20|9||||5849,20|701,90||||||||
|C170|1|040393||10,00000|UN|5849,20||0|000|6202||5849,20|12,00|701,90|0||0|||||||01|5849,20|0,65|||38,02|01|5849,20|3,00|||175,48||
|C190|000|6202|12,00|6083,17|5849,20|701,90|0|0|0|0||
|C100|1|0|800006986|01|00|U|0070325||25012012|25012012|2433,27|0|||2339,68|9||||2339,68|280,76||||||||
|C170|1|040393||4,00000|UN|2339,68||0|000|6202||2339,68|12,00|280,76|0||0|||||||01|2339,68|0,65|||15,21|01|2339,68|3,00|||70,19||
|C190|000|6202|12,00|2433,27|2339,68|280,76|0|0|0|0||
|C100|1|0|800006986|01|00|U|0070326||25012012|25012012|4212,00|0|||4050,00|9||||4050,00|283,50||||||||
|C170|1|040383||10,00000|UN|4050,00||0|000|6202||4050,00|7,00|283,50|0||0|||||||01|4050,00|0,65|||26,33|01|4050,00|3,00|||121,50||
|C190|000|6202|7,00|4212,00|4050,00|283,50|0|0|0|0||
|C100|1|0|800006986|01|00|U|0070327||25012012|25012012|421,20|0|||405,00|9||||405,00|28,35||||||||
|C170|1|040383||1,00000|UN|405,00||0|000|6202||405,00|7,00|28,35|0||0|||||||01|405,00|0,65|||2,63|01|405,00|3,00|||12,15||
|C190|000|6202|7,00|421,20|405,00|28,35|0|0|0|0||
|C100|1|0|800006986|01|00|U|0070328||25012012|25012012|8085,33|0|||7350,30|9||||7350,30|514,52||||||||
|C170|1|040413||30,00000|UN|7350,30||0|000|6202||7350,30|7,00|514,52|0||0|||||||01|7350,30|0,65|||47,78|01|7350,30|3,00|||220,51||
|C190|000|6202|7,00|8085,33|7350,30|514,52|0|0|0|0||
|C100|1|0|800006986|01|00|U|0070329||25012012|25012012|3459,85|0|||3145,32|9||||3145,32|220,17||||||||
|C170|1|040413||12,00000|UN|3145,32||0|000|6202||3145,32|7,00|220,17|0||0|||||||01|3145,32|0,65|||20,44|01|3145,32|3,00|||94,36||
|C190|000|6202|7,00|3459,85|3145,32|220,17|0|0|0|0||
|C100|1|0|800006986|01|00|U|0070330||25012012|25012012|8788,32|0|||7323,60|9||||7323,60|512,65||||||||
|C170|1|040423||20,00000|UN|7323,60||0|000|6202||7323,60|7,00|512,65|0||0|||||||01|7323,60|0,65|||47,60|01|7323,60|3,00|||219,71||
|C190|000|6202|7,00|8788,32|7323,60|512,65|0|0|0|0||
|C100|0|1|800006986|01|00|1|0730124||28122011|10012012|873,45|0|||831,86|1||||831,86|58,23||||||||
|C170|1|040133||2,00000|UN|831,86||0|000|2102||831,86|7,00|58,23|0||0||||||||||||||||||||
|C190|000|2102|7,00|873,45|831,86|58,23|0|0|0|0||
|C100|0|1|800007295|01|00|1|0140532||22122011|06012012|736,56|0|||669,60|1||||669,60|80,35||||||||
|C170|1|120280||12,00000|UN|669,60||0|000|2102||669,60|12,00|80,35|0||0||||||||||||||||||||
|C190|000|2102|12,00|736,56|669,60|80,35|0|0|0|0||
|C100|0|1|800007295|01|00|1|0140533||22122011|06012012|736,56|0|||669,60|1||||669,60|80,35||||||||
|C170|1|120270||12,00000|UN|669,60||0|000|2102||669,60|12,00|80,35|0||0||||||||||||||||||||
|C190|000|2102|12,00|736,56|669,60|80,35|0|0|0|0||
|C100|0|1|800007264|01|00|1|0041758||17122011|03012012|11934,10|0|||11934,10|9||||11934,10|835,39||||||||
|C170|1|200050||10,00000|UN|11934,10||0|000|2102||11934,10|7,00|835,39|0||0||||||||||||||||||||
|C190|000|2102|7,00|11934,10|11934,10|835,39|0|0|0|0||
|C100|0|1|800007079|01|00|1|0161873||21122011|09012012|6473,85|0|||5394,87|1||||6169,97|431,90||||||||
|C170|1|220200||6,00000|UN|5394,87||0|000|2102||6169,97|7,00|431,90|0||0||||||||||||||||||||
|C190|000|2102|7,00|6473,85|6169,97|431,90|0|0|0|0||
|C100|0|1|800007079|01|00|1|0185416||24122011|06012012|11704,66|0|||11147,30|1||||11147,30|780,31||||||||
|C170|1|220370||3,00000|UN|3270,66||0|000|2102||3270,66|7,00|228,95|0||0||||||||||||||||||||
|C170|2|220403||7,00000|UN|7876,64||0|000|2102||7876,64|7,00|551,36|0||0||||||||||||||||||||
|C190|000|2102|7,00|11704,66|11147,30|780,31|0|0|0|0||
|C100|0|1|800007079|01|00|1|0296522||21122011|09012012|7909,24|0|||7532,61|1||||7532,61|527,28||||||||
|C170|1|220660||3,00000|UN|7532,61||0|000|2102||7532,61|7,00|527,28|0||0||||||||||||||||||||
|C190|000|2102|7,00|7909,24|7532,61|527,28|0|0|0|0||
|C100|0|1|800008026|01|00|1|0009364||26012012|26012012|291,28|0|||291,28|9||||291,28|49,52||||||||
|C170|1|030533||1,00000|UN|291,28||0|000|1152||291,28|17,00|49,52|0||0||||||||||||||||||||
|C190|000|1152|17,00|291,28|291,28|49,52|0|0|0|0||
|C100|0|1|800008026|01|00|1|0009367||26012012|26012012|612,41|0|||612,41|9||||612,41|104,11||||||||
|C170|1|180770||1,00000|UN|612,41||0|000|1152||612,41|17,00|104,11|0||0||||||||||||||||||||
|C190|000|1152|17,00|612,41|612,41|104,11|0|0|0|0||
|C100|0|1|800008026|01|00|1|0009368||27012012|27012012|848,48|0|||848,48|9||||848,48|144,24||||||||
|C170|1|040103||1,00000|UN|848,48||0|000|1152||848,48|17,00|144,24|0||0||||||||||||||||||||
|C190|000|1152|17,00|848,48|848,48|144,24|0|0|0|0||
|C100|0|1|800008026|01|00|1|0009369||27012012|27012012|639,06|0|||639,06|9||||639,06|108,64||||||||
|C170|1|180390||1,00000|UN|639,06||0|000|1152||639,06|17,00|108,64|0||0||||||||||||||||||||
|C190|000|1152|17,00|639,06|639,06|108,64|0|0|0|0||
|C100|0|1|800008026|01|00|1|0009371||27012012|27012012|595,02|0|||595,02|9||||595,02|101,15||||||||
|C170|1|290170||1,00000|UN|595,02||0|000|1152||595,02|17,00|101,15|0||0||||||||||||||||||||
|C190|000|1152|17,00|595,02|595,02|101,15|0|0|0|0||
|C100|0|1|800008026|01|00|1|0009373||30012012|30012012|1121,35|0|||1121,35|9||||1121,35|190,63||||||||
|C170|1|030333||1,00000|UN|1121,35||0|000|1152||1121,35|17,00|190,63|0||0||||||||||||||||||||
|C190|000|1152|17,00|1121,35|1121,35|190,63|0|0|0|0||
|C100|0|1|800008026|01|00|1|0009374||31012012|31012012|469,57|0|||469,57|9||||469,57|79,83||||||||
|C170|1|030960||1,00000|UN|469,57||0|000|1152||469,57|17,00|79,83|0||0||||||||||||||||||||
|C190|000|1152|17,00|469,57|469,57|79,83|0|0|0|0||
|C100|0|1|800008026|01|00|1|0009375||31012012|31012012|6045,79|0|||6045,79|9||||6045,79|1027,78||||||||
|C170|1|030030||1,00000|UN|1565,77||0|000|1152||1565,77|17,00|266,18|0||0||||||||||||||||||||
|C170|2|030383||1,00000|UN|756,89||0|000|1152||756,89|17,00|128,67|0||0||||||||||||||||||||
|C170|3|040393||1,00000|UN|581,01||0|000|1152||581,01|17,00|98,77|0||0||||||||||||||||||||
|C170|4|050610||1,00000|UN|542,88||0|000|1152||542,88|17,00|92,29|0||0||||||||||||||||||||
|C170|5|050980||1,00000|UN|1827,52||0|000|1152||1827,52|17,00|310,68|0||0||||||||||||||||||||
|C170|6|031030||1,00000|UN|771,72||0|000|1152||771,72|17,00|131,19|0||0||||||||||||||||||||
|C190|000|1152|17,00|6045,79|6045,79|1027,78|0|0|0|0||
|C100|1|0|800007299|01|00|U|0070134||02012012|02012012|7121,00|0|||7121,00|9||||0|0||||||||
|C170|1|030053||1,00000|UN|1999,00||0|041|5949|||||0||0|||||||99||||||99|||||||
|C170|2|030393||1,00000|UN|1599,00||0|041|5949|||||0||0|||||||99||||||99|||||||
|C170|3|180273||1,00000|UN|319,00||0|041|5949|||||0||0|||||||99||||||99|||||||
|C170|4|030443||1,00000|UN|1229,00||0|041|5949|||||0||0|||||||99||||||99|||||||
|C170|5|180770||1,00000|UN|1149,00||0|041|5949|||||0||0|||||||99||||||99|||||||
|C170|6|180550||1,00000|UN|539,00||0|041|5949|||||0||0|||||||99||||||99|||||||
|C170|7|290053||1,00000|UN|199,00||0|041|5949|||||0||0|||||||99||||||99|||||||
|C170|8|290270||1,00000|UN|88,00||0|041|5949|||||0||0|||||||99||||||99|||||||
|C190|041|5949||7121,00|0|0|0|0|0|0||
|C100|1|0|800007300|01|00|U|0070334||26012012|26012012|2422,00|0|||2422,00|9||||0|0||||||||
|C170|1|030830||1,00000|UN|1187,00||0|041|5949|||||0||0|||||||99||||||99|||||||
|C170|2|030850||1,00000|UN|1235,00||0|041|5949|||||0||0|||||||99||||||99|||||||
|C190|041|5949||2422,00|0|0|0|0|0|0||
|C100|1|0|800007293|01|00|U|0070136||02012012|02012012|1044,00|0|||1044,00|9||||0|0||||||||
|C170|1|040290||1,00000|UN|1044,00||0|041|6949|||||0||0|||||||99||||||99|||||||
|C190|041|6949||1044,00|0|0|0|0|0|0||
|C100|1|0|800007293|01|00|U|0070137||02012012|02012012|1044,00|0|||1044,00|9||||0|0||||||||
|C170|1|040290||1,00000|UN|1044,00||0|041|6949|||||0||0|||||||99||||||99|||||||
|C190|041|6949||1044,00|0|0|0|0|0|0||
|C100|1|0|9012|01|00|U|0070215||20012012|20012012|1500,00|0|||1500,00|9||||0|0||||||||
|C170|1|030253||1,00000|UN|1500,00||0|041|5949|||||0||0|||||||99||||||99|||||||
|C190|041|5949||1500,00|0|0|0|0|0|0||
|C100|1|0|800007301|01|00|U|0070347||31012012|31012012|379,00|0|||379,00|9||||0|0||||||||
|C170|1|100210||1,00000|UN|379,00||0|041|5949|||||0||0|||||||99||||||99|||||||
|C190|041|5949||379,00|0|0|0|0|0|0||
|C100|1|0|800007301|01|00|U|0070348||31012012|31012012|44,00|0|||44,00|9||||0|0||||||||
|C170|1|710360||2,00000|UN|44,00||0|041|5949|||||0||0|||||||99||||||99|||||||
|C190|041|5949||44,00|0|0|0|0|0|0||
|C100|1|0|800007197|01|00|U|0070224||23012012|23012012|438,00|0|||438,00|9||||0|0||||||||
|C170|1|180263||1,00000|UN|259,00||0|041|5949|||||0||0|||||||99||||||99|||||||
|C170|2|290033||1,00000|UN|179,00||0|041|5949|||||0||0|||||||99||||||99|||||||
|C190|041|5949||438,00|0|0|0|0|0|0||
|C100|1|0|800007302|01|00|U|0070146||04012012|04012012|1059,00|0|||1059,00|9||||0|0||||||||
|C170|1|040520||1,00000|UN|1059,00||0|041|5949|||||0||0|||||||99||||||99|||||||
|C190|041|5949||1059,00|0|0|0|0|0|0||
|C100|1|0|800008079|01|00|U|0070144||04012012|04012012|3038,00|0|||3038,00|9||||0|0||||||||
|C170|1|030130||1,00000|UN|1994,00||0|041|5949|||||0||0|||||||99||||||99|||||||
|C170|2|030363||1,00000|UN|1044,00||0|041|5949|||||0||0|||||||99||||||99|||||||
|C190|041|5949||3038,00|0|0|0|0|0|0||
|C100|1|0|800007304|01|00|U|0070192||16012012|16012012|1124,00|0|||1124,00|9||||0|0||||||||
|C170|1|040143||1,00000|UN|875,00||0|041|5949|||||0||0|||||||99||||||99|||||||
|C170|2|180270||1,00000|UN|249,00||0|041|5949|||||0||0|||||||99||||||99|||||||
|C190|041|5949||1124,00|0|0|0|0|0|0||
|C100|1|0|800007305|01|00|U|0070154||05012012|05012012|959,00|0|||959,00|9||||0|0||||||||
|C170|1|031190||1,00000|UN|959,00||0|041|5949|||||0||0|||||||99||||||99|||||||
|C190|041|5949||959,00|0|0|0|0|0|0||
|C100|1|0|800008080|01|00|U|0070191||16012012|16012012|4999,00|0|||4999,00|9||||0|0||||||||
|C170|1|030353||1,00000|UN|2320,00||0|041|5949|||||0||0|||||||99||||||99|||||||
|C170|2|030553||1,00000|UN|999,00||0|041|5949|||||0||0|||||||99||||||99|||||||
|C170|3|031160||1,00000|UN|1680,00||0|041|5949|||||0||0|||||||99||||||99|||||||
|C190|041|5949||4999,00|0|0|0|0|0|0||
|C100|1|0|800007307|01|00|U|0070335||26012012|26012012|1829,00|0|||1829,00|9||||0|0||||||||
|C170|1|030333||1,00000|UN|1829,00||0|041|5949|||||0||0|||||||99||||||99|||||||
|C190|041|5949||1829,00|0|0|0|0|0|0||
|C100|1|0|800007308|01|00|U|0070142||03012012|03012012|1549,00|0|||1549,00|9||||0|0||||||||
|C170|1|250580||1,00000|UN|1549,00||0|041|5949|||||0||0|||||||99||||||99|||||||
|C190|041|5949||1549,00|0|0|0|0|0|0||
|C100|0|1|800008026|01|00|1|0009358||20012012|20012012|29,99|9|||29,99|9||||29,99|5,10||||||||
|C170|1|840432||1,00000|UN|29,99||0|000|1152||29,99|17,00|5,10|0||0||||||||||||||||||||
|C190|000|1152|17,00|29,99|29,99|5,10|0|0|0|0||
|C100|0|1|800008026|01|00|1|0009356||19012012|19012012|1529,80|9|||1529,80|9||||1529,80|260,07||||||||
|C170|1|220480||1,00000|UN|1529,80||0|000|1152||1529,80|17,00|260,07|0||0||||||||||||||||||||
|C190|000|1152|17,00|1529,80|1529,80|260,07|0|0|0|0||
|C100|0|1|800008026|01|00|1|0009355||18012012|18012012|31,93|9|||31,93|9||||31,93|5,43||||||||
|C170|1|120160||1,00000|UN|31,93||0|000|1152||31,93|17,00|5,43|0||0||||||||||||||||||||
|C190|000|1152|17,00|31,93|31,93|5,43|0|0|0|0||
|C100|0|1|800008026|01|00|1|0009353||16012012|16012012|105,00|9|||105,00|9||||105,00|17,85||||||||
|C170|1|101491||1,00000|UN|18,82||0|000|1152||18,82|17,00|3,20|0||0||||||||||||||||||||
|C170|2|101492||2,00000|UN|48,94||0|000|1152||48,94|17,00|8,32|0||0||||||||||||||||||||
|C170|3|101493||2,00000|UN|19,66||0|000|1152||19,66|17,00|3,34|0||0||||||||||||||||||||
|C170|4|101494||1,00000|UN|17,58||0|000|1152||17,58|17,00|2,99|0||0||||||||||||||||||||
|C190|000|1152|17,00|105,00|105,00|17,85|0|0|0|0||
|C100|0|1|800008026|01|00|1|0009352||16012012|16012012|15,06|9|||15,06|9||||15,06|2,56||||||||
|C170|1|680281||1,00000|UN|15,06||0|000|1152||15,06|17,00|2,56|0||0||||||||||||||||||||
|C190|000|1152|17,00|15,06|15,06|2,56|0|0|0|0||
|C100|0|1|800008026|01|00|1|0009347||14012012|14012012|873,84|9|||873,84|9||||873,84|148,55||||||||
|C170|1|030533||3,00000|UN|873,84||0|000|1152||873,84|17,00|148,55|0||0||||||||||||||||||||
|C190|000|1152|17,00|873,84|873,84|148,55|0|0|0|0||
|C100|0|1|800008026|01|00|1|0009346||13012012|13012012|149,72|9|||149,72|9||||149,72|25,45||||||||
|C170|1|180590||1,00000|UN|149,72||0|000|1152||149,72|17,00|25,45|0||0||||||||||||||||||||
|C190|000|1152|17,00|149,72|149,72|25,45|0|0|0|0||
|C100|0|1|800008026|01|00|1|0009344||13012012|13012012|612,41|9|||612,41|9||||612,41|104,11||||||||
|C170|1|180770||1,00000|UN|612,41||0|000|1152||612,41|17,00|104,11|0||0||||||||||||||||||||
|C190|000|1152|17,00|612,41|612,41|104,11|0|0|0|0||
|C100|0|1|800008026|01|00|1|0009342||12012012|12012012|19,27|9|||19,27|9||||19,27|3,28||||||||
|C170|1|502191||1,00000|UN|19,27||0|000|1152||19,27|17,00|3,28|0||0||||||||||||||||||||
|C190|000|1152|17,00|19,27|19,27|3,28|0|0|0|0||
|C100|0|1|800008026|01|00|1|0009340||12012012|12012012|29,99|9|||29,99|9||||29,99|5,10||||||||
|C170|1|840432||1,00000|UN|29,99||0|000|1152||29,99|17,00|5,10|0||0||||||||||||||||||||
|C190|000|1152|17,00|29,99|29,99|5,10|0|0|0|0||
|C100|0|1|800008026|01|00|1|0009337||12012012|12012012|59,40|9|||59,40|9||||59,40|10,10||||||||
|C170|1|900141||1,00000|UN|59,40||0|000|1152||59,40|17,00|10,10|0||0||||||||||||||||||||
|C190|000|1152|17,00|59,40|59,40|10,10|0|0|0|0||
|C100|0|1|800008026|01|00|1|0009336||11012012|11012012|557,51|9|||557,51|9||||557,51|94,78||||||||
|C170|1|290290||1,00000|UN|60,47||0|000|1152||60,47|17,00|10,28|0||0||||||||||||||||||||
|C170|2|090380||1,00000|UN|27,89||0|000|1152||27,89|17,00|4,74|0||0||||||||||||||||||||
|C170|3|902284||1,00000|UN|32,75||0|000|1152||32,75|17,00|5,57|0||0||||||||||||||||||||
|C170|4|950071||1,00000|UN|10,21||0|000|1152||10,21|17,00|1,74|0||0||||||||||||||||||||
|C170|5|640570||1,00000|UN|18,55||0|000|1152||18,55|17,00|3,15|0||0||||||||||||||||||||
|C170|6|890550||1,00000|UN|120,55||0|000|1152||120,55|17,00|20,49|0||0||||||||||||||||||||
|C170|7|105103||1,00000|UN|14,00||0|000|1152||14,00|17,00|2,38|0||0||||||||||||||||||||
|C170|8|880030||1,00000|UN|32,27||0|000|1152||32,27|17,00|5,49|0||0||||||||||||||||||||
|C170|9|902250||1,00000|UN|66,00||0|000|1152||66,00|17,00|11,22|0||0||||||||||||||||||||
|C170|10|890500||1,00000|UN|56,78||0|000|1152||56,78|17,00|9,65|0||0||||||||||||||||||||
|C170|11|890501||1,00000|UN|60,11||0|000|1152||60,11|17,00|10,22|0||0||||||||||||||||||||
|C170|12|890520||1,00000|UN|57,93||0|000|1152||57,93|17,00|9,85|0||0||||||||||||||||||||
|C190|000|1152|17,00|557,51|557,51|94,78|0|0|0|0||
|C100|0|1|800008026|01|00|1|0009335||11012012|11012012|756,89|9|||756,89|9||||756,89|128,67||||||||
|C170|1|030333||1,00000|UN|756,89||0|000|1152||756,89|17,00|128,67|0||0||||||||||||||||||||
|C190|000|1152|17,00|756,89|756,89|128,67|0|0|0|0||
|C100|0|1|800008026|01|00|1|0009333||11012012|11012012|30,53|9|||30,53|9||||30,53|5,19||||||||
|C170|1|290190||1,00000|UN|30,53||0|000|1152||30,53|17,00|5,19|0||0||||||||||||||||||||
|C190|000|1152|17,00|30,53|30,53|5,19|0|0|0|0||
|C100|0|1|800008026|01|00|1|0009332||10012012|10012012|132,86|9|||132,86|9||||132,86|22,59||||||||
|C170|1|890530||1,00000|UN|132,86||0|000|1152||132,86|17,00|22,59|0||0||||||||||||||||||||
|C190|000|1152|17,00|132,86|132,86|22,59|0|0|0|0||
|C100|0|1|800008026|01|00|1|0009330||10012012|10012012|292,61|9|||292,61|9||||292,61|49,74||||||||
|C170|1|180380||1,00000|UN|292,61||0|000|1152||292,61|17,00|49,74|0||0||||||||||||||||||||
|C190|000|1152|17,00|292,61|292,61|49,74|0|0|0|0||
|C100|0|1|800008026|01|00|1|0009329||10012012|10012012|742,93|9|||742,93|9||||742,93|126,30||||||||
|C170|1|270040||1,00000|UN|510,45||0|000|1152||510,45|17,00|86,78|0||0||||||||||||||||||||
|C170|2|100210||1,00000|UN|232,48||0|000|1152||232,48|17,00|39,52|0||0||||||||||||||||||||
|C190|000|1152|17,00|742,93|742,93|126,30|0|0|0|0||
|C100|0|1|800008026|01|00|1|0009326||09012012|09012012|470,72|9|||470,72|9||||468,44|79,63||||||||
|C170|1|811330||1,00000|UN|19,67||0|000|1152||19,67|17,00|3,34|0||0||||||||||||||||||||
|C170|2|902430||1,00000|UN|126,74||0|000|1152||126,74|17,00|21,55|0||0||||||||||||||||||||
|C170|3|660651||1,00000|UN|38,26||0|000|1152||38,26|17,00|6,50|0||0||||||||||||||||||||
|C170|4|105102||1,00000|UN|8,33||0|000|1152||8,33|17,00|1,42|0||0||||||||||||||||||||
|C170|5|890321||1,00000|UN|66,96||0|000|1152||66,96|17,00|11,38|0||0||||||||||||||||||||
|C170|6|820710||1,00000|UN|8,27||0|000|1152||8,27|17,00|1,41|0||0||||||||||||||||||||
|C170|7|700420||1,00000|UN|28,63||0|000|1152||28,63|17,00|4,87|0||0||||||||||||||||||||
|C170|8|105101||1,00000|UN|9,45||0|000|1152||9,45|17,00|1,61|0||0||||||||||||||||||||
|C170|9|500241||1,00000|UN|8,30||0|000|1152||8,30|17,00|1,41|0||0||||||||||||||||||||
|C170|10|710410||1,00000|UN|5,06||0|000|1152||5,06|17,00|0,86|0||0||||||||||||||||||||
|C170|11|940350||1,00000|UN|2,28||0|041|1152|||||0||0||||||||||||||||||||
|C170|12|531580||1,00000|UN|148,77||0|000|1152||148,77|17,00|25,29|0||0||||||||||||||||||||
|C190|000|1152|17,00|468,44|468,44|79,63|0|0|0|0||
|C190|041|1152||2,28|0|0|0|0|0|0||
|C100|0|1|800008026|01|00|1|0009325||09012012|09012012|68,88|9|||68,88|9||||68,88|11,71||||||||
|C170|1|950310||1,00000|UN|68,88||0|000|1152||68,88|17,00|11,71|0||0||||||||||||||||||||
|C190|000|1152|17,00|68,88|68,88|11,71|0|0|0|0||
|C100|0|1|800008026|01|00|1|0009323||09012012|09012012|275,10|9|||275,10|9||||275,10|46,77||||||||
|C170|1|502201||1,00000|UN|31,14||0|000|1152||31,14|17,00|5,29|0||0||||||||||||||||||||
|C170|2|890460||1,00000|UN|76,59||0|000|1152||76,59|17,00|13,02|0||0||||||||||||||||||||
|C170|3|903370||1,00000|UN|37,46||0|000|1152||37,46|17,00|6,37|0||0||||||||||||||||||||
|C170|4|880350||1,00000|UN|129,91||0|000|1152||129,91|17,00|22,08|0||0||||||||||||||||||||
|C190|000|1152|17,00|275,10|275,10|46,77|0|0|0|0||
|C100|0|1|800008026|01|00|1|0009317||06012012|06012012|535,23|9|||535,23|9||||535,23|90,99||||||||
|C170|1|030910||1,00000|UN|535,23||0|000|1152||535,23|17,00|90,99|0||0||||||||||||||||||||
|C190|000|1152|17,00|535,23|535,23|90,99|0|0|0|0||
|C100|0|1|800008026|01|00|1|0009315||04012012|04012012|148,72|9|||148,72|9||||148,72|25,28||||||||
|C170|1|180270||1,00000|UN|148,72||0|000|1152||148,72|17,00|25,28|0||0||||||||||||||||||||
|C190|000|1152|17,00|148,72|148,72|25,28|0|0|0|0||
|C100|0|1|800008026|01|00|1|0009311||03012012|03012012|258,28|9|||258,28|9||||258,28|43,91||||||||
|C170|1|040440||1,00000|UN|258,28||0|000|1152||258,28|17,00|43,91|0||0||||||||||||||||||||
|C190|000|1152|17,00|258,28|258,28|43,91|0|0|0|0||
|C100|0|1|800008026|01|00|1|0008310||03012012|03012012|306,50|9|||306,50|9||||306,50|52,11||||||||
|C170|1|650200||1,00000|UN|21,00||0|000|1152||21,00|17,00|3,57|0||0||||||||||||||||||||
|C170|2|100160||1,00000|UN|285,50||0|000|1152||285,50|17,00|48,53|0||0||||||||||||||||||||
|C190|000|1152|17,00|306,50|306,50|52,11|0|0|0|0||
|C100|0|1|800008026|01|00|1|0009309||02012012|02012012|234,10|9|||234,10|9||||234,10|39,80||||||||
|C170|1|290210||1,00000|UN|187,48||0|000|1152||187,48|17,00|31,87|0||0||||||||||||||||||||
|C170|2|290260||1,00000|UN|26,58||0|000|1152||26,58|17,00|4,52|0||0||||||||||||||||||||
|C170|3|813560||1,00000|UN|20,04||0|000|1152||20,04|17,00|3,41|0||0||||||||||||||||||||
|C190|000|1152|17,00|234,10|234,10|39,80|0|0|0|0||
|C100|0|1|800006986|55|00|1|000736230|42120159105999003959550010007362301911738359|01012012|13012012|9440,80|0|||9440,80|9||||9440,80|660,86||||||||
|C170|1|030143||10,00000|UN|9440,80||0|000|2102||9440,80|7,00|660,86|0||0||||||||||||||||||||
|C190|000|2102|7,00|9440,80|9440,80|660,86|0|0|0|0||
|C100|0|1|800006995|55|00|1|000008465|35120100902927000117550010000084651082700779|04012012|27012012|1359,31|0|||1359,31|9||||1359,31|95,15||||||||
|C170|1|950010||12,00000|UN|605,40||0|000|2102||605,40|7,00|42,38|0||0||||||||||||||||||||
|C170|2|950081||4,00000|UN|30,84||0|000|2102||30,84|7,00|2,16|0||0||||||||||||||||||||
|C170|3|950083||8,00000|UN|28,72||0|000|2102||28,72|7,00|2,01|0||0||||||||||||||||||||
|C170|4|950082||12,00000|UN|186,36||0|000|2102||186,36|7,00|13,05|0||0||||||||||||||||||||
|C170|5|950084||4,00000|UN|92,96||0|000|2102||92,96|7,00|6,51|0||0||||||||||||||||||||
|C170|6|950085||8,00000|UN|61,76||0|000|2102||61,76|7,00|4,32|0||0||||||||||||||||||||
|C170|7|950231||1,00000|UN|172,31||0|000|2102||172,31|7,00|12,06|0||0||||||||||||||||||||
|C170|8|950262||8,00000|UN|180,96||0|000|2102||180,96|7,00|12,67|0||0||||||||||||||||||||
|C190|000|2102|7,00|1359,31|1359,31|95,15|0|0|0|0||
|C100|0|1|800006986|55|00|1|000736231|42120159105999003959550010007362311902885163|04012012|13012012|13088,30|0|||13088,30|0||||13088,30|916,18||||||||
|C170|1|030830||10,00000|UN|13088,30||0|000|2102||13088,30|7,00|916,18|0||0||||||||||||||||||||
|C190|000|2102|7,00|13088,30|13088,30|916,18|0|0|0|0||
|C100|0|1|800008028|55|00|1|000481247|35120159105999000348550010004812471358959595|04012012|17012012|155,15|0|||155,15|9||||155,15|10,86||||||||
|C170|1|030523||1,00000|UN|155,15||0|000|2102||155,15|7,00|10,86|0||0||||||||||||||||||||
|C190|000|2102|7,00|155,15|155,15|10,86|0|0|0|0||
|C100|0|1|800006986|55|00|1|000736232|42120159105999003959550010007362321074384390|04012012|17012012|991,28|0|||944,08|9|47,20|||169,00|11,83||||||||
|C170|1|030143||1,00000|UN|944,08||0|000|2102||169,00|7,00|11,83|0||0||||||||||||||||||||
|C190|000|2102|7,00|991,28|169,00|11,83|0|0|0|0||
|C100|0|1|800006986|55|00|1|000742445|42120159105999003959550010007424451524875823|11012012|28012012|6948,38|0|||6948,38|9||||6948,38|486,39||||||||
|C170|1|030870||3,00000|UN|6948,38||0|000|2102||6948,38|7,00|486,39|0||0||||||||||||||||||||
|C190|000|2102|7,00|6948,38|6948,38|486,39|0|0|0|0||
|C100|0|1|800008075|55|00|3|000003188|33120102093397000481550030000031881729963795|11012012|21012012|2523,84|0|||2523,84|9||||2523,84|176,67||||||||
|C170|1|090440||12,00000|UN|634,44||0|000|2102||634,44|7,00|44,41|0||0||||||||||||||||||||
|C170|2|090450||60,00000|UN|1889,40||0|000|2102||1889,40|7,00|132,26|0||0||||||||||||||||||||
|C190|000|2102|7,00|2523,84|2523,84|176,67|0|0|0|0||
|C100|0|1|800006992|55|00|1|000103680|35120104403408000912550010001036801376244855|13012012|20012012|1216,08|0|||1216,08|9||||1216,08|85,13||||||||
|C170|1|180580||6,00000|UN|1216,08||0|000|2102||1216,08|7,00|85,13|0||0||||||||||||||||||||
|C190|000|2102|7,00|1216,08|1216,08|85,13|0|0|0|0||
|C100|0|1|800007075|55|00|7|000074699|31120161086336014406550070000746991690279630|16012012|27012012|1169,04|0|||1169,04|0||||1169,04|81,83||||||||
|C170|1|330250||24,00000|UN|1169,04||0|000|2102||1169,04|7,00|81,83|0||0||||||||||||||||||||
|C190|000|2102|7,00|1169,04|1169,04|81,83|0|0|0|0||
|C100|0|1|800008062|55|00|2|000026128|35120105330305000185550020000261281111017015|17012012|31012012|5469,71|0|||5469,71|9||||5469,71|382,88||||||||
|C170|1|500090||4,00000|UN|123,26||0|000|2102||123,26|7,00|8,63|0||0||||||||||||||||||||
|C170|2|500101||8,00000|UN|268,80||0|000|2102||268,80|7,00|18,82|0||0||||||||||||||||||||
|C170|3|500140||4,00000|UN|94,98||0|000|2102||94,98|7,00|6,65|0||0||||||||||||||||||||
|C170|4|500211||4,00000|UN|187,41||0|000|2102||187,41|7,00|13,12|0||0||||||||||||||||||||
|C170|5|500212||4,00000|UN|190,75||0|000|2102||190,75|7,00|13,35|0||0||||||||||||||||||||
|C170|6|500232||12,00000|UN|60,42||0|000|2102||60,42|7,00|4,23|0||0||||||||||||||||||||
|C170|7|500340||12,00000|UN|21,60||0|000|2102||21,60|7,00|1,51|0||0||||||||||||||||||||
|C170|8|500350||12,00000|UN|31,68||0|000|2102||31,68|7,00|2,22|0||0||||||||||||||||||||
|C170|9|500370||12,00000|UN|46,08||0|000|2102||46,08|7,00|3,23|0||0||||||||||||||||||||
|C170|10|500550||12,00000|UN|24,00||0|000|2102||24,00|7,00|1,68|0||0||||||||||||||||||||
|C170|11|500510||12,00000|UN|69,78||0|000|2102||69,78|7,00|4,88|0||0||||||||||||||||||||
|C170|12|500549||4,00000|UN|44,68||0|000|2102||44,68|7,00|3,13|0||0||||||||||||||||||||
|C170|13|500241||8,00000|UN|63,40||0|000|2102||63,40|7,00|4,44|0||0||||||||||||||||||||
|C170|14|500281||4,00000|UN|55,28||0|000|2102||55,28|7,00|3,87|0||0||||||||||||||||||||
|C170|15|500720||12,00000|UN|65,31||0|000|2102||65,31|7,00|4,57|0||0||||||||||||||||||||
|C170|16|500630||12,00000|UN|24,42||0|000|2102||24,42|7,00|1,71|0||0||||||||||||||||||||
|C170|17|500710||12,00000|UN|48,42||0|000|2102||48,42|7,00|3,39|0||0||||||||||||||||||||
|C170|18|500610||12,00000|UN|23,55||0|000|2102||23,55|7,00|1,65|0||0||||||||||||||||||||
|C170|19|500660||6,00000|UN|60,87||0|000|2102||60,87|7,00|4,26|0||0||||||||||||||||||||
|C170|20|500561||4,00000|UN|36,07||0|000|2102||36,07|7,00|2,52|0||0||||||||||||||||||||
|C170|21|500621||4,00000|UN|93,36||0|000|2102||93,36|7,00|6,54|0||0||||||||||||||||||||
|C170|22|500623||4,00000|UN|93,36||0|000|2102||93,36|7,00|6,54|0||0||||||||||||||||||||
|C170|23|500624||2,00000|UN|39,20||0|000|2102||39,20|7,00|2,74|0||0||||||||||||||||||||
|C170|24|500625||4,00000|UN|93,32||0|000|2102||93,32|7,00|6,53|0||0||||||||||||||||||||
|C170|25|500582||6,00000|UN|41,04||0|000|2102||41,04|7,00|2,87|0||0||||||||||||||||||||
|C170|26|500581||3,00000|UN|21,15||0|000|2102||21,15|7,00|1,48|0||0||||||||||||||||||||
|C170|27|500732||2,00000|UN|90,44||0|000|2102||90,44|7,00|6,33|0||0||||||||||||||||||||
|C170|28|500733||4,00000|UN|70,96||0|000|2102||70,96|7,00|4,97|0||0||||||||||||||||||||
|C170|29|500632||8,00000|UN|68,72||0|000|2102||68,72|7,00|4,81|0||0||||||||||||||||||||
|C170|30|500731||8,00000|UN|325,60||0|000|2102||325,60|7,00|22,79|0||0||||||||||||||||||||
|C170|31|501540||4,00000|UN|61,63||0|000|2102||61,63|7,00|4,31|0||0||||||||||||||||||||
|C170|32|501850||8,00000|UN|89,02||0|000|2102||89,02|7,00|6,23|0||0||||||||||||||||||||
|C170|33|501130||12,00000|UN|38,40||0|000|2102||38,40|7,00|2,69|0||0||||||||||||||||||||
|C170|34|501150||12,00000|UN|38,40||0|000|2102||38,40|7,00|2,69|0||0||||||||||||||||||||
|C170|35|501930||5,00000|UN|45,45||0|000|2102||45,45|7,00|3,18|0||0||||||||||||||||||||
|C170|36|502320||4,00000|UN|52,59||0|000|2102||52,59|7,00|3,68|0||0||||||||||||||||||||
|C170|37|501070||8,00000|UN|38,40||0|000|2102||38,40|7,00|2,69|0||0||||||||||||||||||||
|C170|38|502030||12,00000|UN|116,43||0|000|2102||116,43|7,00|8,15|0||0||||||||||||||||||||
|C170|39|501650||6,00000|UN|120,87||0|000|2102||120,87|7,00|8,46|0||0||||||||||||||||||||
|C170|40|501071||4,00000|UN|249,32||0|000|2102||249,32|7,00|17,45|0||0||||||||||||||||||||
|C170|41|500951||2,00000|UN|39,24||0|000|2102||39,24|7,00|2,75|0||0||||||||||||||||||||
|C170|42|502382||15,00000|UN|22,35||0|000|2102||22,35|7,00|1,56|0||0||||||||||||||||||||
|C170|43|502383||6,00000|UN|16,53||0|000|2102||16,53|7,00|1,16|0||0||||||||||||||||||||
|C170|44|502384||3,00000|UN|61,95||0|000|2102||61,95|7,00|4,34|0||0||||||||||||||||||||
|C170|45|500952||4,00000|UN|101,76||0|000|2102||101,76|7,00|7,12|0||0||||||||||||||||||||
|C170|46|501110||4,00000|UN|630,00||0|000|2102||630,00|7,00|44,10|0||0||||||||||||||||||||
|C170|47|500811||12,00000|UN|39,12||0|000|2102||39,12|7,00|2,74|0||0||||||||||||||||||||
|C170|48|501781||4,00000|UN|38,00||0|000|2102||38,00|7,00|2,66|0||0||||||||||||||||||||
|C170|49|501782||4,00000|UN|42,00||0|000|2102||42,00|7,00|2,94|0||0||||||||||||||||||||
|C170|50|501783||4,00000|UN|51,80||0|000|2102||51,80|7,00|3,63|0||0||||||||||||||||||||
|C170|51|501621||60,00000|UN|43,62||0|000|2102||43,62|7,00|3,05|0||0||||||||||||||||||||
|C170|52|501620||12,00000|UN|31,41||0|000|2102||31,41|7,00|2,20|0||0||||||||||||||||||||
|C170|53|501610||12,00000|UN|31,41||0|000|2102||31,41|7,00|2,20|0||0||||||||||||||||||||
|C170|54|500734||24,00000|UN|297,84||0|000|2102||297,84|7,00|20,85|0||0||||||||||||||||||||
|C170|55|501793||4,00000|UN|43,36||0|000|2102||43,36|7,00|3,04|0||0||||||||||||||||||||
|C170|56|501792||6,00000|UN|58,02||0|000|2102||58,02|7,00|4,06|0||0||||||||||||||||||||
|C170|57|501794||6,00000|UN|51,06||0|000|2102||51,06|7,00|3,57|0||0||||||||||||||||||||
|C170|58|501795||4,00000|UN|38,68||0|000|2102||38,68|7,00|2,71|0||0||||||||||||||||||||
|C170|59|501796||4,00000|UN|48,28||0|000|2102||48,28|7,00|3,38|0||0||||||||||||||||||||
|C170|60|501797||4,00000|UN|54,98||0|000|2102||54,98|7,00|3,85|0||0||||||||||||||||||||
|C170|61|501798||4,00000|UN|70,40||0|000|2102||70,40|7,00|4,93|0||0||||||||||||||||||||
|C170|62|500871||4,00000|UN|116,36||0|000|2102||116,36|7,00|8,15|0||0||||||||||||||||||||
|C170|63|502386||6,00000|UN|32,28||0|000|2102||32,28|7,00|2,26|0||0||||||||||||||||||||
|C170|64|502391||6,00000|UN|34,47||0|000|2102||34,47|7,00|2,41|0||0||||||||||||||||||||
|C170|65|502385||6,00000|UN|61,74||0|000|2102||61,74|7,00|4,32|0||0||||||||||||||||||||
|C170|66|502392||12,00000|UN|47,55||0|000|2102||47,55|7,00|3,33|0||0||||||||||||||||||||
|C170|67|502393||12,00000|UN|37,08||0|000|2102||37,08|7,00|2,60|0||0||||||||||||||||||||
|C190|000|2102|7,00|5469,71|5469,71|382,88|0|0|0|0||
|C100|0|1|2485|55|00|0|000156606|23120124073694000589550000001566061796122023|27012012|30012012|14510,00|0|||14510,00|9||||14510,00|2466,70||||||||
|C170|1|270030||15,00000|UN|8400,00||0|000|1102||8400,00|17,00|1428,00|0||0||||||||||||||||||||
|C170|2|270040||10,00000|UN|6110,00||0|000|1102||6110,00|17,00|1038,70|0||0||||||||||||||||||||
|C190|000|1102|17,00|14510,00|14510,00|2466,70|0|0|0|0||
|C100|0|1|800007041|55|00|5|000007781|29120107666567000140550050000077811000077813|06012012|06012012|18,69|9|||18,69|9||||0|0||||||||
|C170|1|10000||1,00000|UN|18,69||0|090|2556|||||0||0||||||||||||||||||||
|C190|090|2556||18,69|0|0|0|0|0|0||
|C100|0|1|800007047|55|00|55|000053154|35120101490698000800550550000531541103876615|09012012|09012012|35,00|0|||35,00|9||||0|0||||||||
|C170|1|10000||1,00000|UN|35,00||0|090|2556|||||0||0||||||||||||||||||||
|C190|090|2556||35,00|0|0|0|0|0|0||
|C400|2D|ECF|GEXNJ20000|2|
|C405|02012012|1|1489|30145|12256904,47|5449|
|C420|01T1700|5449|1||
|C425|040290|2|UN|2088|13,58|62,64|
|C425|120090|1|UN|69|0,45|2,07|
|C425|180203|1|UN|399|2,59|11,97|
|C425|330210|1|UN|69|0,45|2,07|
|C425|950460|1|UN|584|3,8|17,52|
|C425|030123|1|UN|1616|10,5|48,48|
|C425|031030|1|UN|598|3,89|17,94|
|C425|650720|1|UN|8|0,05|0,24|
|C425|650190|6|UN|18|0,12|0,54|
|C490|000|5102|17|5449|5449|926,33||
|C405|03012012|1|1490|30152|12258805,47|1901|
|C420|01T1700|1901|1||
|C425|031073|1|UN|1649|10,72|49,47|
|C425|330210|1|UN|69|0,45|2,07|
|C425|501140|2|UN|14|0,09|0,42|
|C425|760051|1|UN|169|1,1|5,07|
|C490|000|5102|17|1901|1901|323,17||
|C405|04012012|1|1491|30175|12272877,47|10773|
|C420|01T1700|10773|1||
|C425|813440|1|UN|15|0,1|0,45|
|C425|910781|1|UN|69|0,45|2,07|
|C425|910783|1|UN|69|0,45|2,07|
|C425|890350|1|UN|119|0,77|3,57|
|C425|902901|1|UN|45|0,29|1,35|
|C425|031260|1|UN|579|3,76|17,37|
|C425|290270|1|UN|89|0,58|2,67|
|C425|902511|1|UN|89|0,58|2,67|
|C425|890630|1|UN|159|1,03|4,77|
|C425|500500|1|UN|5|0,03|0,15|
|C425|502202|1|UN|79|0,51|2,37|
|C425|701080|1|UN|69|0,45|2,07|
|C425|051320|1|UN|2229|14,49|66,87|
|C425|903160|2|UN|118|0,76|3,54|
|C425|500421|1|UN|5|0,03|0,15|
|C425|030373|1|UN|1139|7,4|34,17|
|C425|090380|1|UN|49|0,32|1,47|
|C425|030443|1|UN|1167|7,59|35,01|
|C425|030910|1|UN|999|6,49|29,97|
|C425|030970|1|UN|1413|9,18|42,39|
|C425|031130|1|UN|616|4|18,48|
|C425|040530|1|UN|929|6,04|27,87|
|C425|090220|1|UN|139|0,9|4,17|
|C425|701180|1|UN|9|0,06|0,27|
|C425|090420|1|UN|129|0,84|3,87|
|C425|090430|1|UN|39|0,25|1,17|
|C425|120090|1|UN|69|0,45|2,07|
|C425|180270|1|UN|259|1,68|7,77|
|C425|330140|1|UN|69|0,45|2,07|
|C425|502371|1|UN|10|0,07|0,3|
|C490|000|5102|17|10773|10773|1831,41||
|C405|05012012|1|1492|30201|12288633,47|15756|
|C420|01T1700|15756|1||
|C425|840480|1|UN|59|0,38|1,77|
|C425|031260|1|UN|579|3,76|17,37|
|C425|903570|1|UN|59|0,38|1,77|
|C425|160170|1|UN|199|1,29|5,97|
|C425|160110|1|UN|269|1,75|8,07|
|C425|031200|1|UN|2999|19,49|89,97|
|C425|030580|1|UN|630|4,1|18,9|
|C425|903163|1|UN|169|1,1|5,07|
|C425|812990|1|UN|79|0,51|2,37|
|C425|910541|1|UN|99|0,64|2,97|
|C425|811930|1|UN|35|0,23|1,05|
|C425|810352|1|UN|15|0,1|0,45|
|C425|040103|2|UN|2699|17,54|80,97|
|C425|200510|1|UN|499|3,24|14,97|
|C425|040280|1|UN|1349|8,77|40,47|
|C425|100160|1|UN|469|3,05|14,07|
|C425|100200|2|UN|808|5,25|24,24|
|C425|150040|1|UN|58|0,38|1,74|
|C425|180920|1|UN|34|0,22|1,02|
|C425|030093|1|UN|2199|14,29|65,97|
|C425|250520|1|UN|999|6,49|29,97|
|C425|250580|1|UN|735|4,78|22,05|
|C425|270040|1|UN|400|2,6|12|
|C425|810422|1|UN|17|0,11|0,51|
|C425|902171|1|UN|299|1,94|8,97|
|C490|000|5102|17|15756|15756|2678,52||
|C405|06012012|1|1493|30229|12300636,47|12003|
|C420|01T1700|12003|1||
|C425|031150|1|UN|1769|11,5|53,07|
|C425|650200|1|UN|39|0,25|1,17|
|C425|740300|1|UN|6|0,04|0,18|
|C425|813370|1|UN|16|0,1|0,48|
|C425|890610|1|UN|359|2,33|10,77|
|C425|900043|1|UN|45|0,29|1,35|
|C425|040570|1|UN|199|1,29|5,97|
|C425|890640|1|UN|249|1,62|7,47|
|C425|950120|2|UN|98|0,64|2,94|
|C425|502371|1|UN|10|0,07|0,3|
|C425|702120|1|UN|12|0,08|0,36|
|C425|902270|1|UN|119|0,77|3,57|
|C425|701990|1|UN|22|0,14|0,66|
|C425|502340|1|UN|49|0,32|1,47|
|C425|700881|1|UN|19|0,12|0,57|
|C425|900213|1|UN|8|0,05|0,24|
|C425|502382|1|UN|4|0,03|0,12|
|C425|902904|2|UN|16|0,1|0,48|
|C425|030333|1|UN|800|5,2|24|
|C425|100210|1|UN|379|2,46|11,37|
|C425|030353|1|UN|1170|7,61|35,1|
|C425|030373|1|UN|1080|7,02|32,4|
|C425|031283|1|UN|945|6,14|28,35|
|C425|040173|1|UN|450|2,93|13,5|
|C425|040223|1|UN|684|4,45|20,52|
|C425|050610|1|UN|405|2,63|12,15|
|C425|090370|1|UN|175|1,14|5,25|
|C425|090400|2|UN|98|0,64|2,94|
|C425|330050|1|UN|49|0,32|1,47|
|C425|120080|1|UN|139|0,9|4,17|
|C425|180270|1|UN|259|1,68|7,77|
|C425|180320|2|UN|84|0,55|2,52|
|C425|180460|1|UN|899|5,84|26,97|
|C425|180580|1|UN|349|2,27|10,47|
|C425|180920|2|UN|138|0,9|4,14|
|C425|270040|2|UN|806|5,24|24,18|
|C425|290190|1|UN|55|0,36|1,65|
|C490|000|5102|17|12003|12003|2040,51||
|C405|07012012|1|1494|30246|12305632,47|4996|
|C420|01T1700|4931|1||
|C425|050830|1|UN|499|3,24|14,97|
|C425|500820|1|UN|7|0,05|0,21|
|C425|500500|1|UN|5|0,03|0,15|
|C425|950071|1|UN|22|0,14|0,66|
|C425|500770|1|UN|5|0,03|0,15|
|C425|030393|1|UN|1449|9,42|43,47|
|C425|812450|1|UN|15|0,1|0,45|
|C425|903480|5|UN|30|0,2|0,9|
|C425|710400|1|UN|35|0,23|1,05|
|C425|910480|1|UN|199|1,29|5,97|
|C425|890341|1|UN|12|0,08|0,36|
|C425|500558|1|UN|25|0,16|0,75|
|C425|180760|1|UN|585|3,8|17,55|
|C425|040530|1|UN|929|6,04|27,87|
|C425|040550|1|UN|71|0,46|2,13|
|C425|100200|1|UN|165|1,07|4,95|
|C425|180280|1|UN|89|0,58|2,67|
|C425|180460|1|UN|404|2,63|12,12|
|C425|701170|1|UN|22|0,14|0,66|
|C425|200530|1|UN|179|1,16|5,37|
|C425|330250|1|UN|99|0,64|2,97|
|C425|500611|1|UN|7|0,05|0,21|
|C425|650200|2|UN|78|0,51|2,34|
|C420|N1|65|||
|C425|690313|1|UN|11|0,07|0,33|
|C425|690312|2|UN|24|0,16|0,72|
|C425|690300|2|UN|30|0,2|0,9|
|C490|000|5102|17|4931|4931|838,27||
|C490|041|5102|0|65|0|0||
|C405|09012012|1|1495|30271|12321479,47|15847|
|C420|01T1700|15832|1||
|C425|890630|1|UN|154|1|4,62|
|C425|890390|1|UN|1049|6,82|31,47|
|C425|890501|1|UN|99|0,64|2,97|
|C425|902511|1|UN|89|0,58|2,67|
|C425|030033|1|UN|2399|15,59|71,97|
|C425|030123|1|UN|3299|21,44|98,97|
|C425|031020|1|UN|1549|10,07|46,47|
|C425|811990|1|UN|13|0,08|0,39|
|C425|902610|1|UN|399|2,59|11,97|
|C425|031030|1|UN|1205|7,83|36,15|
|C425|501570|1|UN|12|0,08|0,36|
|C425|520440|1|UN|65|0,42|1,95|
|C425|760051|1|UN|169|1,1|5,07|
|C425|760061|1|UN|119|0,77|3,57|
|C425|520200|2|UN|518|3,37|15,54|
|C425|030373|1|UN|540|3,51|16,2|
|C425|200510|1|UN|499|3,24|14,97|
|C425|031240|1|UN|269|1,75|8,07|
|C425|090380|1|UN|49|0,32|1,47|
|C425|120020|1|UN|99|0,64|2,97|
|C425|120190|1|UN|79|0,51|2,37|
|C425|180190|1|UN|579|3,76|17,37|
|C425|200050|1|UN|950|6,18|28,5|
|C425|200370|1|UN|329|2,14|9,87|
|C425|500832|1|UN|39|0,25|1,17|
|C425|270030|1|UN|769|5|23,07|
|C425|290060|1|UN|118|0,77|3,54|
|C425|290260|1|UN|49|0,32|1,47|
|C425|290300|1|UN|129|0,84|3,87|
|C425|290340|1|UN|59|0,38|1,77|
|C425|330210|2|UN|138|0,9|4,14|
|C420|N1|15|||
|C425|690300|1|UN|15|0,1|0,45|
|C490|000|5102|17|15832|15832|2691,44||
|C490|041|5102|0|15|0|0||
|C405|10012012|1|1496|30295|12336542,47|15063|
|C420|01T1700|15063|1||
|C425|031260|1|UN|579|3,76|17,37|
|C425|903081|1|UN|269|1,75|8,07|
|C425|950310|1|UN|139|0,9|4,17|
|C425|160140|1|UN|179|1,16|5,37|
|C425|030093|1|UN|2199|14,29|65,97|
|C425|031150|1|UN|795|5,17|23,85|
|C425|890370|1|UN|389|2,53|11,67|
|C425|501080|1|UN|7|0,05|0,21|
|C425|500140|1|UN|49|0,32|1,47|
|C425|120050|1|UN|159|1,03|4,77|
|C425|901510|1|UN|7|0,05|0,21|
|C425|812780|1|UN|14|0,09|0,42|
|C425|810760|1|UN|69|0,45|2,07|
|C425|030303|1|UN|1999|12,99|59,97|
|C425|040440|1|UN|429|2,79|12,87|
|C425|030333|1|UN|1829|11,89|54,87|
|C425|030460|1|UN|1399|9,09|41,97|
|C425|030970|1|UN|1440|9,36|43,2|
|C425|040013|1|UN|1060|6,89|31,8|
|C425|040213|1|UN|1399|9,09|41,97|
|C425|330250|1|UN|48|0,31|1,44|
|C425|180270|1|UN|259|1,68|7,77|
|C425|290080|1|UN|94|0,61|2,82|
|C425|290190|1|UN|55|0,36|1,65|
|C425|290300|1|UN|129|0,84|3,87|
|C425|330140|1|UN|69|0,45|2,07|
|C490|000|5102|17|15063|15063|2560,71||
|C405|11012012|1|1497|30314|12340568,47|4026|
|C420|01T1700|4026|1||
|C425|810860|1|UN|11|0,07|0,33|
|C425|500421|1|UN|5|0,03|0,15|
|C425|660020|1|UN|58|0,38|1,74|
|C425|950050|1|UN|49|0,32|1,47|
|C425|330020|1|UN|105|0,68|3,15|
|C425|890520|1|UN|99|0,64|2,97|
|C425|813550|1|UN|39|0,25|1,17|
|C425|120160|1|UN|49|0,32|1,47|
|C425|090360|1|UN|49|0,32|1,47|
|C425|030053|1|UN|1999|12,99|59,97|
|C425|660230|1|UN|129|0,84|3,87|
|C425|330210|1|UN|34|0,22|1,02|
|C425|290340|1|UN|28|0,18|0,84|
|C425|290290|1|UN|99|0,64|2,97|
|C425|290080|2|UN|144|0,93|4,32|
|C425|180920|1|UN|69|0,45|2,07|
|C425|120080|1|UN|139|0,9|4,17|
|C425|100200|1|UN|409|2,66|12,27|
|C425|030533|1|UN|512|3,33|15,36|
|C490|000|5102|17|4026|4026|684,42||
|C405|12012012|1|1498|30337|12349334,47|8766|
|C420|01T1700|8547|1||
|C425|950400|1|UN|399|2,59|11,97|
|C425|890360|1|UN|129|0,84|3,87|
|C425|890530|1|UN|249|1,62|7,47|
|C425|902511|1|UN|89|0,58|2,67|
|C425|120160|1|UN|49|0,32|1,47|
|C425|890640|1|UN|248|1,61|7,44|
|C425|500050|1|UN|49|0,32|1,47|
|C425|880360|1|UN|45|0,29|1,35|
|C425|501792|1|UN|22|0,14|0,66|
|C425|120260|1|UN|19|0,12|0,57|
|C425|810353|1|UN|22|0,14|0,66|
|C425|050830|1|UN|499|3,24|14,97|
|C425|902811|2|UN|30|0,2|0,9|
|C425|660020|1|UN|58|0,38|1,74|
|C425|810352|1|UN|15|0,1|0,45|
|C425|030103|1|UN|2410|15,67|72,3|
|C425|270040|1|UN|849|5,52|25,47|
|C425|030363|1|UN|1099|7,14|32,97|
|C425|030433|1|UN|799|5,19|23,97|
|C425|040360|1|UN|419|2,72|12,57|
|C425|120090|1|UN|69|0,45|2,07|
|C425|120250|1|UN|99|0,64|2,97|
|C425|180243|1|UN|549|3,57|16,47|
|C425|820640|1|UN|7|0,05|0,21|
|C425|330140|1|UN|79|0,51|2,37|
|C425|330210|1|UN|69|0,45|2,07|
|C425|510951|6|UN|30|0,2|0,9|
|C425|660230|1|UN|129|0,84|3,87|
|C425|813360|2|UN|18|0,12|0,54|
|C420|N1|219|||
|C425|690312|10|UN|120|0,78|3,6|
|C425|710020|1|UN|99|0,64|2,97|
|C490|000|5102|17|8547|8547|1452,99||
|C490|041|5102|0|219|0|0||
|C405|13012012|1|1499|30355|12353667,47|4333|
|C420|01T1700|4244|1||
|C425|901312|1|UN|18|0,12|0,54|
|C425|810380|1|UN|27|0,18|0,81|
|C425|900954|1|UN|18|0,12|0,54|
|C425|880300|1|UN|25|0,16|0,75|
|C425|901940|1|UN|19|0,12|0,57|
|C425|850050|1|UN|55|0,36|1,65|
|C425|180253|1|UN|319|2,07|9,57|
|C425|660480|1|UN|22|0,14|0,66|
|C425|040103|1|UN|1429|9,29|42,87|
|C425|031120|1|UN|949|6,17|28,47|
|C425|901930|1|UN|12|0,08|0,36|
|C425|501620|1|UN|6|0,04|0,18|
|C425|290060|1|UN|259|1,68|7,77|
|C425|180273|1|UN|319|2,07|9,57|
|C425|180270|1|UN|259|1,68|7,77|
|C425|100210|1|UN|379|2,46|11,37|
|C425|090420|1|UN|129|0,84|3,87|
|C420|N1|89|||
|C425|710010|1|UN|89|0,58|2,67|
|C490|000|5102|17|4244|4244|721,48||
|C490|041|5102|0|89|0|0||
|C405|14012012|1|1500|30366|12355375,47|1708|
|C420|01T1700|1619|1||
|C425|100160|1|UN|469|3,05|14,07|
|C425|100200|1|UN|409|2,66|12,27|
|C425|500710|1|UN|9|0,06|0,27|
|C425|510951|2|UN|10|0,07|0,3|
|C425|902810|1|UN|29|0,19|0,87|
|C425|660590|1|UN|25|0,16|0,75|
|C425|812990|1|UN|79|0,51|2,37|
|C425|180400|1|UN|470|3,06|14,1|
|C425|811400|1|UN|119|0,77|3,57|
|C420|N1|89|||
|C425|710010|1|UN|89|0,58|2,67|
|C490|000|5102|17|1619|1619|275,23||
|C490|041|5102|0|89|0|0||
|C405|16012012|1|1501|30377|12357142,48|2766|
|C420|01T1700|2755|1||
|C425|030473|1|UN|999|6,49|29,97|
|C425|100200|1|UN|379|2,46|11,37|
|C425|100210|1|UN|379|2,46|11,37|
|C425|090360|1|UN|49|0,32|1,47|
|C425|890520|1|UN|99|0,64|2,97|
|C425|031140|1|UN|850|5,53|25,5|
|C420|N1|11|||
|C425|690313|1|UN|11|0,07|0,33|
|C490|000|5102|17|2755|2755|468,35||
|C490|041|5102|0|11|0|0||
|C405|17012012|1|1502|30397|12367272,49|10130|
|C420|01T1700|10107|1||
|C425|950450|1|UN|750|4,88|22,5|
|C425|903161|1|UN|119|0,77|3,57|
|C425|030923|1|UN|678|4,41|20,34|
|C425|700881|1|UN|19|0,12|0,57|
|C425|813510|1|UN|49|0,32|1,47|
|C425|701850|1|UN|12|0,08|0,36|
|C425|080210|1|UN|299|1,94|8,97|
|C425|890520|1|UN|99|0,64|2,97|
|C425|120150|2|UN|50|0,32|1,5|
|C425|030383|1|UN|1299|8,44|38,97|
|C425|100200|1|UN|191|1,24|5,73|
|C425|030473|2|UN|948|6,16|28,44|
|C425|031170|1|UN|1770|11,51|53,1|
|C425|031250|1|UN|389|2,53|11,67|
|C425|040430|1|UN|329|2,14|9,87|
|C425|902511|2|UN|178|1,16|5,34|
|C425|100210|3|UN|930|6,04|27,9|
|C425|180750|1|UN|1899|12,34|56,97|
|C425|890501|1|UN|99|0,64|2,97|
|C420|N1|23|||
|C425|690313|1|UN|11|0,07|0,33|
|C425|690312|1|UN|12|0,08|0,36|
|C490|000|5102|17|10107|10107|1718,19||
|C490|041|5102|0|23|0|0||
|C405|18012012|1|1503|30416|12376923,49|9651|
|C420|01T1700|9613|1||
|C425|290083|1|UN|97|0,63|2,91|
|C425|120050|1|UN|159|1,03|4,77|
|C425|950300|1|UN|89|0,58|2,67|
|C425|040123|1|UN|727|4,73|21,81|
|C425|950490|1|UN|529|3,44|15,87|
|C425|950360|1|UN|499|3,24|14,97|
|C425|812910|2|UN|70|0,46|2,1|
|C425|650200|1|UN|39|0,25|1,17|
|C425|030303|1|UN|1999|12,99|59,97|
|C425|180920|1|UN|66|0,43|1,98|
|C425|180770|1|UN|969|6,3|29,07|
|C425|180203|1|UN|399|2,59|11,97|
|C425|120090|1|UN|69|0,45|2,07|
|C425|100210|1|UN|379|2,46|11,37|
|C425|040240|1|UN|1125|7,31|33,75|
|C425|030483|1|UN|1199|7,79|35,97|
|C425|030373|1|UN|1199|7,79|35,97|
|C420|N1|38|||
|C425|710070|2|UN|38|0,25|1,14|
|C490|000|5102|17|9613|9613|1634,21||
|C490|041|5102|0|38|0|0||
|C405|19012012|1|1504|30437|12388255,49|11332|
|C420|01T1700|11187|1||
|C425|701230|1|UN|19|0,12|0,57|
|C425|030143|1|UN|1731|11,25|51,93|
|C425|100220|1|UN|389|2,53|11,67|
|C425|104660|1|UN|15|0,1|0,45|
|C425|813371|2|UN|10|0,07|0,3|
|C425|040143|1|UN|875|5,69|26,25|
|C425|501790|1|UN|29|0,19|0,87|
|C425|813360|2|UN|18|0,12|0,54|
|C425|101340|4|UN|40|0,26|1,2|
|C425|150310|1|UN|89|0,58|2,67|
|C425|810381|1|UN|49|0,32|1,47|
|C425|101491|1|UN|39|0,25|1,17|
|C425|101492|1|UN|49|0,32|1,47|
|C425|101493|1|UN|19|0,12|0,57|
|C425|900056|1|UN|49|0,32|1,47|
|C425|180270|1|UN|249|1,62|7,47|
|C425|031283|2|UN|3999|25,99|119,97|
|C425|040423|1|UN|710|4,62|21,3|
|C425|090430|1|UN|39|0,25|1,17|
|C425|100210|2|UN|758|4,92|22,74|
|C425|104650|1|UN|9|0,06|0,27|
|C425|290300|2|UN|258|1,68|7,74|
|C425|180273|1|UN|319|2,07|9,57|
|C425|180460|1|UN|899|5,84|26,97|
|C425|180920|1|UN|70|0,46|2,1|
|C425|290033|1|UN|179|1,16|5,37|
|C425|290053|1|UN|199|1,29|5,97|
|C425|290220|1|UN|79|0,51|2,37|
|C420|N1|145|||
|C425|940370|1|UN|14|0,09|0,42|
|C425|710010|1|UN|89|0,58|2,67|
|C425|940420|2|UN|30|0,2|0,9|
|C425|940330|2|UN|12|0,08|0,36|
|C490|000|5102|17|11187|11187|1901,79||
|C490|041|5102|0|145|0|0||
|C405|20012012|1|1505|30450|12391972,49|3717|
|C420|01T1700|3628|1||
|C425|120170|1|UN|284|1,85|8,52|
|C425|900700|1|UN|22|0,14|0,66|
|C425|810352|1|UN|15|0,1|0,45|
|C425|700891|1|UN|69|0,45|2,07|
|C425|330020|1|UN|105|0,68|3,15|
|C425|900331|1|UN|49|0,32|1,47|
|C425|660261|1|UN|29|0,19|0,87|
|C425|030253|1|UN|1500|9,75|45|
|C425|330210|1|UN|69|0,45|2,07|
|C425|330050|1|UN|49|0,32|1,47|
|C425|290310|1|UN|149|0,97|4,47|
|C425|100210|1|UN|379|2,46|11,37|
|C425|040550|1|UN|159|1,03|4,77|
|C425|030940|1|UN|750|4,88|22,5|
|C420|N1|89|||
|C425|710010|1|UN|89|0,58|2,67|
|C490|000|5102|17|3628|3628|616,76||
|C490|041|5102|0|89|0|0||
|C405|21012012|1|1506|30466|12397156,49|5184|
|C420|01T1700|5184|1||
|C425|180270|1|UN|249|1,62|7,47|
|C425|040143|1|UN|875|5,69|26,25|
|C425|701890|1|UN|39|0,25|1,17|
|C425|040123|1|UN|710|4,62|21,3|
|C425|701540|1|UN|19|0,12|0,57|
|C425|330060|1|UN|119|0,77|3,57|
|C425|030373|1|UN|1139|7,4|34,17|
|C425|103110|2|UN|138|0,9|4,14|
|C425|100210|1|UN|379|2,46|11,37|
|C425|090370|1|UN|179|1,16|5,37|
|C425|040440|1|UN|429|2,79|12,87|
|C425|040133|1|UN|789|5,13|23,67|
|C425|031240|1|UN|120|0,78|3,6|
|C490|000|5102|17|5184|5184|881,28||
|C405|23012012|1|1507|30480|12402813,49|5657|
|C420|N1|35|||
|C425|690312|2|UN|24|0,16|0,72|
|C425|690313|1|UN|11|0,07|0,33|
|C420|02T1700|5622|2||
|C425|502050|1|UN|19|0,12|0,57|
|C425|660283|2|UN|10|0,07|0,3|
|C425|521010|1|UN|8|0,05|0,24|
|C425|900120|1|UN|17|0,11|0,51|
|C425|900360|1|UN|17|0,11|0,51|
|C425|180263|1|UN|259|1,68|7,77|
|C425|521030|1|UN|8|0,05|0,24|
|C425|813371|2|UN|10|0,07|0,3|
|C425|900431|1|UN|21|0,14|0,63|
|C425|903563|1|UN|14|0,09|0,42|
|C425|030363|1|UN|1099|7,14|32,97|
|C425|813360|2|UN|18|0,12|0,54|
|C425|710210|1|UN|15|0,1|0,45|
|C425|290033|1|UN|179|1,16|5,37|
|C425|180750|1|UN|850|5,53|25,5|
|C425|100210|1|UN|379|2,46|11,37|
|C425|040103|1|UN|1399|9,09|41,97|
|C425|030383|1|UN|1300|8,45|39|
|C490|000|5102|17|5622|5622|955,74||
|C490|041|5102|0|35|0|0||
|C405|24012012|1|1508|30492|12406242,49|3429|
|C420|01T1700|3429|1||
|C425|030533|1|UN|539|3,5|16,17|
|C425|040430|1|UN|329|2,14|9,87|
|C425|100200|1|UN|409|2,66|12,27|
|C425|120200|1|UN|59|0,38|1,77|
|C425|180270|2|UN|508|3,3|15,24|
|C425|180273|1|UN|300|1,95|9|
|C425|040143|1|UN|875|5,69|26,25|
|C425|900331|1|UN|49|0,32|1,47|
|C425|180540|1|UN|349|2,27|10,47|
|C425|900243|1|UN|12|0,08|0,36|
|C490|000|5102|17|3429|3429|582,93||
|C405|25012012|1|1509|30511|12418246,49|12004|
|C420|01T1700|12004|1||
|C425|180780|1|UN|1099|7,14|32,97|
|C425|050980|1|UN|2999|19,49|89,97|
|C425|220403|1|UN|1799|11,69|53,97|
|C425|150310|1|UN|90|0,59|2,7|
|C425|031260|2|UN|831|5,4|24,93|
|C425|910710|6|UN|42|0,27|1,26|
|C425|650200|1|UN|39|0,25|1,17|
|C425|220183|1|UN|512|3,33|15,36|
|C425|030333|1|UN|1829|11,89|54,87|
|C425|180260|1|UN|299|1,94|8,97|
|C425|180243|1|UN|520|3,38|15,6|
|C425|120270|1|UN|119|0,77|3,57|
|C425|100210|2|UN|549|3,57|16,47|
|C425|100160|1|UN|469|3,05|14,07|
|C425|031240|1|UN|269|1,75|8,07|
|C425|030533|1|UN|539|3,5|16,17|
|C490|000|5102|17|12004|12004|2040,68||
|C405|26012012|1|1510|30533|12424292,49|6046|
|C420|01T1700|6046|1||
|C425|890620|1|UN|219|1,42|6,57|
|C425|902511|2|UN|178|1,16|5,34|
|C425|810862|1|UN|12|0,08|0,36|
|C425|030563|1|UN|308|2|9,24|
|C425|031260|1|UN|275|1,79|8,25|
|C425|890650|1|UN|174|1,13|5,22|
|C425|660480|1|UN|22|0,14|0,66|
|C425|890360|1|UN|129|0,84|3,87|
|C425|810353|1|UN|22|0,14|0,66|
|C425|610230|1|UN|49|0,32|1,47|
|C425|701420|1|UN|15|0,1|0,45|
|C425|050600|1|UN|679|4,41|20,37|
|C425|700800|1|UN|65|0,42|1,95|
|C425|911040|1|UN|45|0,29|1,35|
|C425|810352|1|UN|15|0,1|0,45|
|C425|040240|1|UN|1225|7,96|36,75|
|C425|180280|1|UN|89|0,58|2,67|
|C425|040430|1|UN|329|2,14|9,87|
|C425|100063|1|UN|309|2,01|9,27|
|C425|100200|1|UN|409|2,66|12,27|
|C425|101510|6|UN|78|0,51|2,34|
|C425|120020|1|UN|99|0,64|2,97|
|C425|180260|1|UN|284|1,85|8,52|
|C425|880360|1|UN|45|0,29|1,35|
|C425|180320|1|UN|42|0,27|1,26|
|C425|180770|1|UN|455|2,96|13,65|
|C425|200530|1|UN|179|1,16|5,37|
|C425|290083|1|UN|99|0,64|2,97|
|C425|290290|1|UN|99|0,64|2,97|
|C425|330050|1|UN|49|0,32|1,47|
|C425|812961|1|UN|49|0,32|1,47|
|C490|000|5102|17|6046|6046|1027,82||
|C405|27012012|1|1511|30547|12438096,49|13804|
|C420|01T1700|13804|1||
|C425|180920|1|UN|69|0,45|2,07|
|C425|220660|1|UN|4200|27,3|126|
|C425|330030|1|UN|129|0,84|3,87|
|C425|031260|1|UN|260|1,69|7,8|
|C425|330250|1|UN|99|0,64|2,97|
|C425|330210|1|UN|69|0,45|2,07|
|C425|220143|1|UN|799|5,19|23,97|
|C425|030103|1|UN|1225|7,96|36,75|
|C425|180760|1|UN|1299|8,44|38,97|
|C425|100210|2|UN|746|4,85|22,38|
|C425|040540|1|UN|1310|8,52|39,3|
|C425|040520|2|UN|1690|10,99|50,7|
|C425|040290|1|UN|1099|7,14|32,97|
|C425|030143|1|UN|810|5,27|24,3|
|C490|000|5102|17|13804|13804|2346,68||
|C405|28012012|1|1512|30563|12445356,49|7260|
|C420|01T1700|7260|1||
|C425|900431|1|UN|22|0,14|0,66|
|C425|903081|2|UN|529|3,44|15,87|
|C425|101170|1|UN|14|0,09|0,42|
|C425|180410|1|UN|314|2,04|9,42|
|C425|031120|1|UN|450|2,93|13,5|
|C425|900450|1|UN|45|0,29|1,35|
|C425|031030|1|UN|550|3,58|16,5|
|C425|101190|1|UN|16|0,1|0,48|
|C425|101180|1|UN|16|0,1|0,48|
|C425|812850|1|UN|15|0,1|0,45|
|C425|812990|1|UN|79|0,51|2,37|
|C425|030363|1|UN|999|6,49|29,97|
|C425|330250|1|UN|97|0,63|2,91|
|C425|290290|1|UN|92|0,6|2,76|
|C425|200530|1|UN|62|0,4|1,86|
|C425|180760|1|UN|585|3,8|17,55|
|C425|150040|1|UN|59|0,38|1,77|
|C425|120190|1|UN|79|0,51|2,37|
|C425|040383|1|UN|699|4,54|20,97|
|C425|040280|1|UN|600|3,9|18|
|C425|030483|1|UN|539|3,5|16,17|
|C425|030383|1|UN|1399|9,09|41,97|
|C490|000|5102|17|7260|7260|1234,2||
|C405|30012012|1|1513|30575|12449251,49|3895|
|C420|01T1700|3895|1||
|C425|030103|1|UN|1150|7,48|34,5|
|C425|030373|1|UN|1199|7,79|35,97|
|C425|050610|1|UN|854|5,55|25,62|
|C425|090240|1|UN|59|0,38|1,77|
|C425|180203|1|UN|399|2,59|11,97|
|C425|180920|1|UN|69|0,45|2,07|
|C425|811940|1|UN|22|0,14|0,66|
|C425|104660|1|UN|15|0,1|0,45|
|C425|500210|1|UN|99|0,64|2,97|
|C425|840761|1|UN|29|0,19|0,87|
|C490|000|5102|17|3895|3895|662,15||
|C405|31012012|1|1514|30596|12463842,49|14472|
|C420|01T1700|14472|1||
|C425|270040|1|UN|849|5,52|25,47|
|C425|103030|1|UN|65|0,42|1,95|
|C425|890410|1|UN|129|0,84|3,87|
|C425|702010|1|UN|15|0,1|0,45|
|C425|900203|6|UN|18|0,12|0,54|
|C425|710360|2|UN|44|0,29|1,32|
|C425|500581|1|UN|15|0,1|0,45|
|C425|160140|1|UN|80|0,52|2,4|
|C425|950230|6|UN|72|0,47|2,16|
|C425|890501|1|UN|99|0,64|2,97|
|C425|030030|1|UN|2750|17,88|82,5|
|C425|180780|1|UN|1099|7,14|32,97|
|C425|100210|1|UN|379|2,46|11,37|
|C425|100200|1|UN|182|1,18|5,46|
|C425|090370|1|UN|80|0,52|2,4|
|C425|040360|1|UN|188|1,22|5,64|
|C425|040240|1|UN|2370|15,41|71,1|
|C425|030940|1|UN|1599|10,39|47,97|
|C425|030900|1|UN|649|4,22|19,47|
|C425|030450|2|UN|1800|11,7|54|
|C425|030130|1|UN|1990|12,94|59,7|
|C490|000|5102|17|14472|14472|2460,24||
|C400|2D|ECF|BE0106SC56001133153|4|
|C405|02012012|1|1177|15034|11486537,71|2667|
|C420|01T1700|2667|1||
|C425|030393|1|UN|1370|8,91|41,1|
|C425|040173|1|UN|1049|6,82|31,47|
|C425|200530|1|UN|179|1,16|5,37|
|C425|903160|1|UN|69|0,45|2,07|
|C490|000|5102|17|2667|2667|453,39||
|C405|03012012|1|1178|15044|11496493,71|9956|
|C420|01T1700|9956|1||
|C425|030433|1|UN|759|4,93|22,77|
|C425|030950|1|UN|959|6,23|28,77|
|C425|040173|2|UN|1999|12,99|59,97|
|C425|040383|1|UN|699|4,54|20,97|
|C425|090430|1|UN|49|0,32|1,47|
|C425|250580|1|UN|1549|10,07|46,47|
|C425|330010|1|UN|115|0,75|3,45|
|C425|090360|1|UN|59|0,38|1,77|
|C425|031150|1|UN|1769|11,5|53,07|
|C425|031273|1|UN|1999|12,99|59,97|
|C490|000|5102|17|9956|9956|1692,52||
|C405|04012012|1|1179|15063|11519474,71|22981|
|C420|01T1700|22981|1||
|C425|902284|1|UN|65|0,42|1,95|
|C425|040453|1|UN|590|3,84|17,7|
|C425|051210|1|UN|1320|8,58|39,6|
|C425|820750|1|UN|59|0,38|1,77|
|C425|031030|1|UN|1299|8,44|38,97|
|C425|180910|1|UN|4499|29,24|134,97|
|C425|050973|1|UN|3600|23,4|108|
|C425|040203|1|UN|1699|11,04|50,97|
|C425|030580|1|UN|1350|8,78|40,5|
|C425|030130|1|UN|2099|13,64|62,97|
|C425|220370|1|UN|810|5,27|24,3|
|C425|180970|1|UN|1350|8,78|40,5|
|C425|180270|1|UN|259|1,68|7,77|
|C425|100210|4|UN|1516|9,85|45,48|
|C425|040520|1|UN|1059|6,88|31,77|
|C425|040440|1|UN|439|2,85|13,17|
|C425|030900|1|UN|629|4,09|18,87|
|C425|030523|1|UN|339|2,2|10,17|
|C490|000|5102|17|22981|22981|3906,77||
|C405|05012012|1|1180|15069|11521777,71|2303|
|C420|01T1700|2303|1||
|C425|030383|1|UN|1399|9,09|41,97|
|C425|180273|1|UN|309|2,01|9,27|
|C425|902511|1|UN|99|0,64|2,97|
|C425|950310|1|UN|139|0,9|4,17|
|C425|330030|1|UN|129|0,84|3,87|
|C425|660341|1|UN|159|1,03|4,77|
|C425|903160|1|UN|69|0,45|2,07|
|C490|000|5102|17|2303|2303|391,51||
|C405|06012012|1|1181|15081|11524069,71|2292|
|C420|01T1700|2292|1||
|C425|030910|1|UN|999|6,49|29,97|
|C425|090390|1|UN|109|0,71|3,27|
|C425|290220|1|UN|89|0,58|2,67|
|C425|330130|1|UN|229|1,49|6,87|
|C425|902511|1|UN|89|0,58|2,67|
|C425|950310|1|UN|129|0,84|3,87|
|C425|180380|1|UN|380|2,47|11,4|
|C425|890520|1|UN|99|0,64|2,97|
|C425|900071|1|UN|169|1,1|5,07|
|C490|000|5102|17|2292|2292|389,64||
|C405|07012012|1|1182|15087|11524836,71|767|
|C420|01T1700|767|1||
|C425|070420|1|UN|299|1,94|8,97|
|C425|100063|1|UN|289|1,88|8,67|
|C425|290033|1|UN|179|1,16|5,37|
|C490|000|5102|17|767|767|130,39||
|C405|09012012|1|1183|15115|11531211,71|6375|
|C420|01T1700|6375|1||
|C425|290300|1|UN|139|0,9|4,17|
|C425|902500|1|UN|49|0,32|1,47|
|C425|710140|1|UN|45|0,29|1,35|
|C425|890500|1|UN|99|0,64|2,97|
|C425|970170|1|UN|29|0,19|0,87|
|C425|890520|2|UN|199|1,29|5,97|
|C425|120160|1|UN|49|0,32|1,47|
|C425|090360|2|UN|138|0,9|4,14|
|C425|040123|1|UN|700|4,55|21|
|C425|330090|1|UN|119|0,77|3,57|
|C425|030393|1|UN|1349|8,77|40,47|
|C425|290290|1|UN|100|0,65|3|
|C425|290060|1|UN|259|1,68|7,77|
|C425|290033|1|UN|179|1,16|5,37|
|C425|180273|1|UN|319|2,07|9,57|
|C425|120020|1|UN|109|0,71|3,27|
|C425|100200|2|UN|808|5,25|24,24|
|C425|090430|1|UN|59|0,38|1,77|
|C425|090380|1|UN|69|0,45|2,07|
|C425|030433|2|UN|1558|10,12|46,74|
|C490|000|5102|17|6375|6375|1083,75||
|C405|10012012|1|1184|15120|11539009,71|7798|
|C420|01T1700|7798|1||
|C425|030123|1|UN|3299|21,44|98,97|
|C425|180910|1|UN|4499|29,24|134,97|
|C490|000|5102|17|7798|7798|1325,66||
|C405|11012012|1|1185|15142|11549257,71|10248|
|C420|01T1700|10238|1||
|C425|950071|1|UN|22|0,14|0,66|
|C425|890320|1|UN|119|0,77|3,57|
|C425|820710|1|UN|17|0,11|0,51|
|C425|840992|1|UN|45|0,29|1,35|
|C425|640570|1|UN|39|0,25|1,17|
|C425|902430|1|UN|279|1,81|8,37|
|C425|890500|1|UN|99|0,64|2,97|
|C425|811330|1|UN|39|0,25|1,17|
|C425|902250|1|UN|129|0,84|3,87|
|C425|900750|1|UN|269|1,75|8,07|
|C425|900061|1|UN|12|0,08|0,36|
|C425|890550|1|UN|229|1,49|6,87|
|C425|105102|1|UN|19|0,12|0,57|
|C425|901413|2|UN|499|3,24|14,97|
|C425|890321|1|UN|119|0,77|3,57|
|C425|660651|1|UN|79|0,51|2,37|
|C425|531580|1|UN|299|1,94|8,97|
|C425|040453|1|UN|600|3,9|18|
|C425|910810|1|UN|499|3,24|14,97|
|C425|710410|1|UN|12|0,08|0,36|
|C425|902450|1|UN|259|1,68|7,77|
|C425|105101|1|UN|19|0,12|0,57|
|C425|890410|1|UN|129|0,84|3,87|
|C425|030373|1|UN|1139|7,4|34,17|
|C425|090400|1|UN|69|0,45|2,07|
|C425|290033|1|UN|170|1,11|5,1|
|C425|200530|1|UN|139|0,9|4,17|
|C425|105103|1|UN|38|0,25|1,14|
|C425|100063|1|UN|309|2,01|9,27|
|C425|290290|1|UN|119|0,77|3,57|
|C425|090390|1|UN|109|0,71|3,27|
|C425|090380|1|UN|69|0,45|2,07|
|C425|040430|1|UN|320|2,08|9,6|
|C425|030393|1|UN|617|4,01|18,51|
|C425|030383|1|UN|1300|8,45|39|
|C425|890520|1|UN|99|0,64|2,97|
|C425|500241|1|UN|17|0,11|0,51|
|C425|880030|1|UN|69|0,45|2,07|
|C425|880010|1|UN|89|0,58|2,67|
|C425|880250|1|UN|179|1,16|5,37|
|C425|502200|1|UN|79|0,51|2,37|
|C425|700420|1|UN|55|0,36|1,65|
|C425|902284|1|UN|65|0,42|1,95|
|C425|890501|2|UN|209|1,36|6,27|
|C425|890390|1|UN|1059|6,88|31,77|
|C425|880080|1|UN|89|0,58|2,67|
|C420|N1|10|||
|C425|940350|1|UN|10|0,07|0,3|
|C490|000|5102|17|10238|10238|1740,46||
|C490|041|5102|0|10|0|0||
|C405|12012012|1|1186|15156|11557863,71|8606|
|C420|01T1700|8606|1||
|C425|290220|1|UN|79|0,51|2,37|
|C425|710140|1|UN|45|0,29|1,35|
|C425|120160|1|UN|49|0,32|1,47|
|C425|040123|1|UN|749|4,87|22,47|
|C425|290290|1|UN|100|0,65|3|
|C425|030103|1|UN|2699|17,54|80,97|
|C425|180760|1|UN|1399|9,09|41,97|
|C425|120090|1|UN|69|0,45|2,07|
|C425|100200|1|UN|409|2,66|12,27|
|C425|040103|1|UN|1429|9,29|42,87|
|C425|030383|1|UN|1579|10,26|47,37|
|C490|000|5102|17|8606|8606|1463,02||
|C405|13012012|1|1187|15175|11563117,71|5254|
|C420|01T1700|5254|1||
|C425|890370|1|UN|389|2,53|11,67|
|C425|950131|1|UN|15|0,1|0,45|
|C425|901940|1|UN|20|0,13|0,6|
|C425|660200|1|UN|10|0,07|0,3|
|C425|900331|1|UN|59|0,38|1,77|
|C425|680501|1|UN|40|0,26|1,2|
|C425|120160|1|UN|49|0,32|1,47|
|C425|950310|1|UN|129|0,84|3,87|
|C425|030553|1|UN|1189|7,73|35,67|
|C425|330130|1|UN|229|1,49|6,87|
|C425|290200|1|UN|99|0,64|2,97|
|C425|180270|2|UN|509|3,31|15,27|
|C425|090430|1|UN|59|0,38|1,77|
|C425|040520|1|UN|999|6,49|29,97|
|C425|040383|1|UN|660|4,29|19,8|
|C425|030960|1|UN|799|5,19|23,97|
|C490|000|5102|17|5254|5254|893,18||
|C405|14012012|1|1188|15182|11567813,71|4696|
|C420|01T1700|4696|1||
|C425|030460|1|UN|1399|9,09|41,97|
|C425|031110|1|UN|649|4,22|19,47|
|C425|040540|1|UN|1699|11,04|50,97|
|C425|031120|1|UN|949|6,17|28,47|
|C490|000|5102|17|4696|4696|798,32||
|C405|16012012|1|1189|15211|11594390,71|25578|
|C420|01T1700|25578|1||
|C425|030123|1|UN|3299|21,44|98,97|
|C425|330090|1|UN|129|0,84|3,87|
|C425|330140|1|UN|85|0,55|2,55|
|C425|330250|1|UN|109|0,71|3,27|
|C425|840432|1|UN|65|0,42|1,95|
|C425|950330|1|UN|2499|16,24|74,97|
|C425|120160|1|UN|49|0,32|1,47|
|C425|330010|1|UN|119|0,77|3,57|
|C425|030300|1|UN|2700|17,55|81|
|C425|031160|1|UN|1680|10,92|50,4|
|C425|330030|1|UN|139|0,9|4,17|
|C425|040143|1|UN|875|5,69|26,25|
|C425|051210|1|UN|1419|9,22|42,57|
|C425|903160|1|UN|69|0,45|2,07|
|C425|030353|1|UN|2320|15,08|69,6|
|C425|031073|1|UN|1560|10,14|46,8|
|C425|030383|1|UN|1330|8,65|39,9|
|C425|030460|1|UN|1300|8,45|39|
|C425|030523|1|UN|300|1,95|9|
|C425|030533|1|UN|519|3,37|15,57|
|C425|030553|1|UN|999|6,49|29,97|
|C425|030960|1|UN|799|5,19|23,97|
|C425|290190|1|UN|69|0,45|2,07|
|C425|100040|1|UN|670|4,36|20,1|
|C425|100200|1|UN|379|2,46|11,37|
|C425|150040|1|UN|59|0,38|1,77|
|C425|180270|1|UN|249|1,62|7,47|
|C425|180290|1|UN|119|0,77|3,57|
|C425|220370|1|UN|1670|10,86|50,1|
|C490|000|5102|17|25578|25578|4348,26||
|C405|17012012|1|1190|15224|11602461,71|8071|
|C420|01T1700|8071|1||
|C425|090360|1|UN|69|0,45|2,07|
|C425|105070|1|UN|250|1,63|7,5|
|C425|040470|1|UN|379|2,46|11,37|
|C425|890630|1|UN|160|1,04|4,8|
|C425|040203|1|UN|1520|9,88|45,6|
|C425|030013|1|UN|1999|12,99|59,97|
|C425|040123|1|UN|749|4,87|22,47|
|C425|100200|2|UN|798|5,18|23,94|
|C425|090400|1|UN|59|0,38|1,77|
|C425|040393|1|UN|899|5,84|26,97|
|C425|040173|1|UN|1189|7,73|35,67|
|C490|000|5102|17|8071|8071|1372,07||
|C405|18012012|1|1191|15230|11606459,71|3998|
|C420|01T1700|3998|1||
|C425|031073|1|UN|1649|10,72|49,47|
|C425|040280|1|UN|1350|8,78|40,5|
|C425|180770|1|UN|999|6,49|29,97|
|C490|000|5102|17|3998|3998|679,66||
|C405|19012012|1|1192|15243|11622961,71|16502|
|C420|01T1700|16502|1||
|C425|040383|1|UN|699|4,54|20,97|
|C425|220480|1|UN|2400|15,6|72|
|C425|910782|1|UN|79|0,51|2,37|
|C425|890530|1|UN|240|1,56|7,2|
|C425|270040|1|UN|809|5,26|24,27|
|C425|220143|1|UN|770|5,01|23,1|
|C425|040520|1|UN|1059|6,88|31,77|
|C425|030130|1|UN|1950|12,68|58,5|
|C425|031130|1|UN|1299|8,44|38,97|
|C425|031073|1|UN|1649|10,72|49,47|
|C425|030543|1|UN|710|4,62|21,3|
|C425|030450|1|UN|850|5,53|25,5|
|C425|030373|2|UN|2249|14,62|67,47|
|C425|030333|1|UN|1739|11,3|52,17|
|C490|000|5102|17|16502|16502|2805,34||
|C405|20012012|1|1193|15251|11626186,71|3225|
|C420|01T1700|3225|1||
|C425|030363|1|UN|1099|7,14|32,97|
|C425|040393|1|UN|999|6,49|29,97|
|C425|040430|1|UN|329|2,14|9,87|
|C425|040440|1|UN|489|3,18|14,67|
|C425|100063|1|UN|309|2,01|9,27|
|C490|000|5102|17|3225|3225|548,25||
|C405|21012012|1|1194|15257|11631963,71|5777|
|C420|01T1700|5777|1||
|C425|100210|1|UN|379|2,46|11,37|
|C425|220223|1|UN|899|5,84|26,97|
|C425|180910|1|UN|4499|29,24|134,97|
|C490|000|5102|17|5777|5777|982,09||
|C405|23012012|1|1195|15278|11652184,71|20221|
|C420|01T1700|20221|1||
|C425|180920|1|UN|79|0,51|2,37|
|C425|290170|2|UN|2249|14,62|67,47|
|C425|031030|1|UN|1299|8,44|38,97|
|C425|890630|1|UN|179|1,16|5,37|
|C425|220600|1|UN|1199|7,79|35,97|
|C425|902511|1|UN|90|0,59|2,7|
|C425|330250|2|UN|218|1,42|6,54|
|C425|330130|1|UN|229|1,49|6,87|
|C425|330050|1|UN|59|0,38|1,77|
|C425|200530|1|UN|139|0,9|4,17|
|C425|030030|1|UN|2750|17,88|82,5|
|C425|180750|2|UN|4048|26,31|121,44|
|C425|120200|1|UN|69|0,45|2,07|
|C425|103110|1|UN|69|0,45|2,07|
|C425|100160|1|UN|469|3,05|14,07|
|C425|030553|1|UN|1049|6,82|31,47|
|C425|030443|1|UN|1100|7,15|33|
|C425|030373|1|UN|1199|7,79|35,97|
|C425|030333|1|UN|1829|11,89|54,87|
|C425|030143|1|UN|1899|12,34|56,97|
|C490|000|5102|17|20221|20221|3437,57||
|C405|24012012|1|1196|15290|11656038,71|3854|
|C420|01T1700|3854|1||
|C425|030373|1|UN|1079|7,01|32,37|
|C425|040173|1|UN|1049|6,82|31,47|
|C425|100030|1|UN|490|3,19|14,7|
|C425|180273|1|UN|299|1,94|8,97|
|C425|180370|1|UN|399|2,59|11,97|
|C425|521173|1|UN|429|2,79|12,87|
|C425|890520|1|UN|109|0,71|3,27|
|C490|000|5102|17|3854|3854|655,18||
|C405|25012012|1|1197|15297|11658084,71|2046|
|C420|01T1700|2046|1||
|C425|040183|1|UN|899|5,84|26,97|
|C425|290190|1|UN|69|0,45|2,07|
|C425|910785|1|UN|79|0,51|2,37|
|C425|031190|1|UN|999|6,49|29,97|
|C490|000|5102|17|2046|2046|347,82||
|C405|26012012|1|1198|15307|11664007,71|3217|
|C420|01T1700|3217|1||
|C425|030373|2|UN|2218|14,41|66,54|
|C425|180770|1|UN|999|6,49|29,97|
|C490|000|5102|17|3217|3217|546,89||
|C405|27012012|1|1199|15317|11674251,71|12950|
|C420|01T1700|12950|1||
|C425|290220|1|UN|79|0,51|2,37|
|C425|180400|1|UN|470|3,06|14,1|
|C425|031260|1|UN|579|3,76|17,37|
|C425|900401|1|UN|149|0,97|4,47|
|C425|910782|1|UN|79|0,51|2,37|
|C425|330090|1|UN|119|0,77|3,57|
|C425|030103|1|UN|2429|15,79|72,87|
|C425|180780|1|UN|1049|6,82|31,47|
|C425|090390|1|UN|109|0,71|3,27|
|C425|040103|1|UN|1399|9,09|41,97|
|C425|030940|1|UN|1590|10,34|47,7|
|C425|030460|1|UN|1399|9,09|41,97|
|C425|030333|2|UN|3500|22,76|105|
|C490|000|5102|17|12950|12950|2201,5||
|C405|28012012|1|1200|15323|11678199,71|3948|
|C420|01T1700|3948|1||
|C425|030143|1|UN|1800|11,7|54|
|C425|030443|1|UN|1149|7,47|34,47|
|C425|030473|1|UN|999|6,49|29,97|
|C490|000|5102|17|3948|3948|671,16||
|C405|30012012|1|1201|15344|11692654,71|14455|
|C420|01T1700|14455|1||
|C425|290033|1|UN|179|1,16|5,37|
|C425|810521|1|UN|35|0,23|1,05|
|C425|050683|1|UN|800|5,2|24|
|C425|120050|1|UN|179|1,16|5,37|
|C425|890650|1|UN|359|2,33|10,77|
|C425|031260|1|UN|579|3,76|17,37|
|C425|030033|1|UN|2399|15,59|71,97|
|C425|950310|1|UN|129|0,84|3,87|
|C425|290220|1|UN|89|0,58|2,67|
|C425|030333|1|UN|1829|11,89|54,87|
|C425|270040|1|UN|849|5,52|25,47|
|C425|220143|1|UN|859|5,58|25,77|
|C425|180750|1|UN|1899|12,34|56,97|
|C425|180273|2|UN|638|4,14|19,14|
|C425|100210|3|UN|1137|7,39|34,11|
|C425|090380|1|UN|59|0,38|1,77|
|C425|040440|1|UN|439|2,85|13,17|
|C425|040173|1|UN|1049|6,82|31,47|
|C425|030450|1|UN|949|6,17|28,47|
|C490|000|5102|17|14455|14455|2457,35||
|C405|31012012|1|1202|15351|11697780,71|5126|
|C420|01T1700|5126|1||
|C425|030253|1|UN|1599|10,39|47,97|
|C425|030830|1|UN|2599|16,89|77,97|
|C425|030960|1|UN|759|4,93|22,77|
|C425|120050|1|UN|169|1,1|5,07|
|C490|000|5102|17|5126|5126|871,42||
|C990|2181|
|D001|0|
|D100|0|1|800006976|08|00|U||024587||06012012|27012012|||79,49||2|79,49|79,49|5,56||||
|D190|000|2353|6,99|79,49|79,49|5,56|0||
|D100|0|1|800006976|08|00|U||024671||20012012|31012012|||283,06||2|283,06|283,06|19,81||||
|D190|000|2353|7,00|283,06|283,06|19,81|0||
|D100|0|1|800006987|08|00|U||202123||28122011|10012012|||1008,42||2|1008,42|1008,42|70,59||||
|D190|000|2353|7,00|1008,42|1008,42|70,59|0||
|D100|0|1|800006987|08|00|U||202124||28122011|10012012|||71,20||2|71,20|71,20|4,98||||
|D190|000|2353|6,99|71,20|71,20|4,98|0||
|D100|0|1|800006987|08|00|U||202125||28122011|10012012|||32,76||2|32,76|32,76|2,29||||
|D190|000|2353|6,99|32,76|32,76|2,29|0||
|D100|0|1|800006987|08|00|U||213028||04012012|17012012|||96,21||2|96,21|96,21|6,73||||
|D190|000|2353|7,00|96,21|96,21|6,73|0||
|D100|0|1|800006987|08|00|U||220535||11012012|28012012|||1008,42||2|1008,42|1008,42|70,59||||
|D190|000|2353|7,00|1008,42|1008,42|70,59|0||
|D100|0|1|800006989|08|00|U||909047||04012012|17012012|||7,35||2|7,35|7,35|0,51||||
|D190|000|2353|6,94|7,35|7,35|0,51|0||
|D100|0|1|800006987|08|00|U||193007||21122011|06012012|||1733,45||2|1733,45|1733,45|121,34||||
|D190|000|2353|7,00|1733,45|1733,45|121,34|0||
|D100|0|1|800006987|08|00|U||213027||04012011|13012012|||2358,30||2|2358,30|2358,30|165,08||||
|D190|000|2353|7,00|2358,30|2358,30|165,08|0||
|D100|0|1|800006987|08|00|U||902566||27122011|06012012|||11,30||2|11,30|11,30|0,79||||
|D190|000|2353|6,99|11,30|11,30|0,79|0||
|D100|0|1|800006989|08|00|U||902565||27122011|02012012|||168,45||2|168,45|168,45|11,79||||
|D190|000|2353|7,00|168,45|168,45|11,79|0||
|D100|0|1|800007034|08|00|U||005042||18012012|27012012|||60,00||2|60,00|60,00|4,20||||
|D190|000|2353|7,00|60,00|60,00|4,20|0||
|D990|28|
|E001|0|
|E100|01012012|31012012|
|E110|118967,95|0|0|0|22777,36|0|19435,62|0|0|76754,97|0|76754,97|0|0|
|E111|CE020002|Crédito Antecipado|19435,62|
|E116|000|76754,97|20022012|1015|||||012012|
|E990|6|
|G001|1|
|G990|2|
|H001|1|
|H990|2|
|1001|0|
|1700|03|01|||120410|120429|201003857|
|1700|03|01|||120431|120434|201003857|
|1700|03|01|||120436|120437|201003857|
|1700|03|01|||120439|120467|201003857|
|1700|03|01|||120470|120479|201003857|
|1700|03|01|||120483|120499|201003857|
|1700|03|01|||124501|124501|201148014|
|1700|03|01|||124503|124507|201148014|
|1700|03|01|||124509|124510|201148014|
|1700|03|01|||124512|124512|201148014|
|1700|03|01|||124515|124528|201148014|
|1700|03|01|||124530|124531|201148014|
|1700|03|01|||124534|124535|201148014|
|1700|03|01|||124538|124543|201148014|
|1700|03|01|||124545|124545|201148014|
|1700|03|01|||124549|124622|201148014|
|1700|03|01|||124624|124626|201148014|
|1700|03|01|||124629|124629|201148014|
|1700|03|01|||124631|124631|201148014|
|1700|03|01|||124633|124633|201148014|
|1700|03|01|||124635|124635|201148014|
|1700|03|01|||124637|124638|201148014|
|1700|03|01|||124640|124642|201148014|
|1700|03|01|||124644|124651|201148014|
|1990|26|
|9001|0|
|9900|0000|1|
|9900|0001|1|
|9900|0005|1|
|9900|0100|1|
|9900|0150|45|
|9900|0190|1|
|9900|0200|566|
|9900|0500|1|
|9900|0990|1|
|9900|C001|1|
|9900|C100|269|
|9900|C170|652|
|9900|C190|271|
|9900|C400|2|
|9900|C405|52|
|9900|C420|64|
|9900|C425|805|
|9900|C490|64|
|9900|C990|1|
|9900|D001|1|
|9900|D100|13|
|9900|D190|13|
|9900|D990|1|
|9900|E001|1|
|9900|E100|1|
|9900|E110|1|
|9900|E111|1|
|9900|E116|1|
|9900|E990|1|
|9900|G001|1|
|9900|G990|1|
|9900|H001|1|
|9900|H990|1|
|9900|1001|1|
|9900|1700|24|
|9900|1990|1|
|9900|9001|1|
|9900|9900|40|
|9900|9990|1|
|9900|9999|1|
|9990|43|
|9999|2906|
