|0000|004|1|01032011|31032011|LOJAS CARROSSEL COMERCIO E REPRESENTACOES LTDA|23455967000163||CE|060730463|2304400|||B|1|
|0001|0|
|0005|LOJAS CARROSSEL|60125160|RUA VISCONDE DE MAUA|2085||ALDEOTA|8532614533||lojascarrossel@hotmail.com|
|0100|JOSE ADRIANO PONTES FEITOSA|26472830363|CE011117O6||60025100|RUA MAJOR FACUNDO|844|SALAS 42 E 44|CENTRO|8532532340||adrianofeitosa44@yahoo.com.br|2304400|
|0150|2485|CIL COM. DE INFORM. LTDA - FOR|1058|24073694000589||062639579|2304400||ROD. BR 116, KM 06, NR 06 - MODS. 20/21||2555 MODULOS 20 E 21|CAJAZEIRAS|
|0150|5694|CIA DE ALIMENTOS DO NE - CIALNE (15401)|1058|07220874000101||061097861|2304400||Av Presidente Costa e Silva|2067||Mondubim|
|0150|6263|PETROLEO BRASILEIRO S/A PETROBRAS|1058|33000167005502||061026182|2304400||Av Leite Barbosa||S/N|UNis do Porto|
|0150|12450|EMPRESA DE TRANSPORTES ATLAS LTDA|1058|60664828001300||1770143812|4303103||RUA NELSON TEICHMANN 210||||
|0150|200342|EMP. DE TRANSP. ATLA|1058|60664828000176||105708615117|3550308||Rua Soldado Hamilton Silva Costa, 58, , Pq. Novo Mundo, 0219||||
|0150|100003767|TRANSPORTES MANN LTDA|1058|78663788000294||336914325113|3518800||Rua Panambi, 191 BL B||BL 7||
|0150|800006974|ESMALTEC S A|1058|02948030000230||063050536|2307650||AVENIDA PARQUE OESTE|2130||DISTRITO INDUSTRIAL|
|0150|800006976|CONEXAO TRANSPORTES DIST E LOG LTDA|1058|63318604000281|||3518800||R Rua Paschoal Ricci|30||Jardim Presidente Dutra|
|0150|800006977|LOJAS CARROSSEL COMERCIO E REPRESENTACOES LTDA|1058|23455967000163|||2304400||RUA VISCONDE DE MAUA,2085 ALDEOTA|||ALDOTA|
|0150|800006983|WHIRLPOOL S.A.|1058|59105999006036||033829900|2607901||Av . Eixo da integracao|689||Bloco C2-C3|
|0150|800006984|MLOG ARMAZEM GERAL LTDA-GUARARAPES|1058|05117268000989||18158003410011|2607901||AV.EIXO DA INTEGRACAO, 689 - Bloco C2-C3||BL.D.GLD5 SALA 01||
|0150|800006986|WHIRPOOL S.A|1058|59105999003959||250050889|4209102||DONA FRANCISCA|7200||INDUSTRIAL|
|0150|800006987|MLOG ARMAZEM GERAL LTDA-JLLE|1058|05117268000806||255247770|4209102||DONA FRANCISCA 7200||||
|0150|800006989|MLOG ARMAZEM GERAL LTDA-RC|1058|05117268000555||587274102112|3543907||AV. 80-A 77||||
|0150|800006990|PANASONIC DO BRASIL LIMITADA|1058|04403408000165||062001167|1302603||Rua Matrinxa|1155||D.INDUSTRIAL|
|0150|800006991|WHIRLPOOL ELETROMESTICOS AM S.A|1058|63699839000180||062001256|1302603||Av Torquato Tapajós|7500||Colônia Terra Nova|
|0150|800006992|PANASONIC DO BRASIL LIMITADA|1058|04403408000912||645482612112|3549904||Ro Presidente Dutra|155||Jardim das Indústrias|
|0150|800006994|ZAIRTON GASPAR DE OLIVEIRA FILHO|1058||12211680372||2304400||R R.BARBOSA DE FREITAS 171 APTO 500|||MEIRELES|
|0150|800007032|EMPRESA AUTO VIACAO PROGRESSO|1058|10788677002214||27248142|2927408||R DA NIGERIA,278-G R PRES VARGAS||||
|0150|800007033|ESPINDOLA SERVI?OS DE COBRAN?AS LTD|1058|06126610000112|||2304400||Av Santos Dumont|2828||Aldeota|
|0150|800007034|MLS TRANSP. E CARGAS LTDA|1058|11114508000218||336249093118|3518800||AV. JUSTINO DE MAIO, 840|840||Cidade Industrial SatÚlit|
|0150|800007035|TRAMONTINA NORDESTE S/A|1058|15205628000109||00637301|2930709||RODOVIA BR 324||KM 17S/N,|CIA|
|0150|800007037|MADSON ELETROMETALURGICA LTDA|1058|20520367000224||0622699600147|3106200||R R JERONIMO MARCUCCI, 74||||
|0150|800007038|FEDEX BRASIL LOGISTICA E TRANSPORTE|1058|10970887003381||041098234|1302603||AV. AUTAZ MIRIM 3030|3030||Armando Mendes|
|0150|800007039|DAMIAO JEFFERSON|1058||07574048479||2706307||Rua Antonio Capitulino Vasconcelos|32||Centro|
|0150|800007040|FULL FIT IND.IMPORT. COM. LTDA|1058|60963378000112||105886513118|3550308||Av Thomás Edison|956|||
|0150|800007041|MK ELETRODOMESTICOS LTDA|1058|07666567000140||67475400|2908507||ESTRADA DA VOLTA 1200|1200|GALPAO 02|COLONIA BRASILIA|
|0150|800007042|IRMAOS FISCHER S/A IND.E COM.|1058|82984287000104||250176475|4202909||RD Antônio Heil|5600||Limoeiro|
|0150|800007043|TRAMONTINA FARROUPILHA S/A IND.MET|1058|87834883000113||0450005682|4307906||RD. RS 122 KM 61 DISTR. INDL.||S/N|INDUSTRIAL|
|0150|800007044|UNIMED FORTALEZA|1058|05868278000875|||2304400||R A|1383||Fátima|
|0150|800007045|MARGARIDA MAGDA BEZERRA F. FORTE|1058||06068219372||2304400||Av Beira Mar|1140|7 ANDAR|Meireles|
|0150|800007046|TRANSLOGITICA LTDA|1058|02912943000116|||2607901||EIXO DA INTEGRACAO|2524||JABOATAO DOS GUARARAPES|
|0150|800007047|M. SHOP COMERCIAL LTDA|1058|01490698000800||116003947116|3550308||RUA LAGUNA||365|JD CARAVELAS|
|0150|800007048|MOVEIS BEHLING LTDA|1058|85462513000177||250139456|4213203||R ALFREDO HOGE|525||Centro|
|0150|800007049|BOMFIM CARGAS E ENCOMENDAS LTDA|1058|32808669001504|||2911105||COMANDANTE ALMIRO|1421||FEIRA DE SANTANA|
|0150|800007050|IRACEMA HOTEIS DE TURISMO LTDA|1058|07567134000138||060110295|2304400||Av Historiador Raimundo Girão|430||Praia de Iracema|
|0150|800007051|KABALLA IND.E COM.DE PLAST.LTDA|1058|03917302000117||0480025932|4308201||ESTRADA VRS 314,300 KM1||||
|0150|800007052|MAURICIO MASIH|1058||00179671391||2304400||R JosÚ Vilar|600||Meireles|
|0150|800007053|WIZARD|1058|08761139000160|||2304400||Av Antônio Sales|2037||Joaquim Távora|
|0150|800007054|V & V ACADEMIA DE GINASTICA E MUSCULACAO LTDA|1058|11268660000174|||2304400||RUA NUNES VALENTE N 1740 ALDEOTA|1740||ALDEOTA|
|0150|800007055|NAJA TURISMO LTDA|1058|11739364000104|||2304400||R Carolina Sucupira|480||Aldeota|
|0150|800007056|HELRSON DE LIMA DIAS-ME|1058|13009230000163|||2304400||Av Dom Luís|300|||
|0150|800007057|SYLVIO IDEBURQUE LEAL FILHO|1058||02622432372||2304400||R Deputado Moreira da Rocha|700|LOTEAMENTO SOL E VID|Meireles|
|0150|800007058|LSX ENGENHARIA LTDA|1058|35729383000118|||2304400||R JOAQUIM BARBOSA DOS SANTOS|19||Farias Brito|
|0150|800007059|FRANCISCA MARLENE F.NASCIMENTO|1058||04701458384||2302107||R 15 DE NOVEMBRO||1467ARUA PADRE ANTON|Centro|
|0150|800007060|ITALO BANDEIRA FERNANDES|1058||48882171574||2304400||R Israel Bezerra|326||Dionisio Torres|
|0150|800007061|MARIO HENRIQUE BEZERRA MIRANDA|1058||13330531428||2304400||R Topázio|104||Mondubim|
|0150|800007062|PELLERIN TABOULOT|1058||27139156190||2303709||Av dos Coqueiros||702B|Cumbuco|
|0150|800007063|ANA PAULA PINTO MARTINS|1058||73011872031||2304285||AV BEIRA RIO||RUA LUXEMBURGO QD C|Centro|
|0150|800007064|ANABEL CRISTINA DA SILVA|1058||41380467390||2304400||R Por do Sol|105||Lagoa Redonda|
|0150|800007065|CARLOS ROBERTO ROMERO|1058||66187408942||2301000||R VIA LOCAL|36|CASA 593||
|0150|800007066|MARIA DO SOCORRO MARQUES R.DA SILVE|1058||16856970382||2304400||R Benjamim Barroso|747||Monte Castelo|
|0150|800007067|REGINA COELI MENESCAL MAIA|1058||35919906391||2301000||R VIA LOCAL|36|CASA 593|Centro|
|0150|800007068|JOAO CLAUDENER LEAL CRUZ|1058||48030953372||2304400||R Bento Albuquerque|360||Papicu|
|0150|800007069|KEILLY MAYLLA ANGELIM|1058||64219143300||2304400||R Osvaldo Cruz|2920||Dionisio Torres|
|0150|800007070|HOLAND ERNEST JEAN P.SCHUIT|1058||67166946334||2303709||Av Sul|1870||Icaraí|
|0150|800007071|SUN GUINDER INCORP.E COM.EXT.LTDA|1058|00606287000106||114347523111|3550308||R RUA JOAQUIM NUNES TEIXEIRA,86||||
|0150|800008026|LOJAS CARROSSEL COM. E REP.LTDA|1058|23455967000597||066697743|2304400||WASHINGTON SOARES||85 TERREO L.58A085|Edson Queiroz|
|0150|800008028|WHIRLPOOL S.A.|1058|59105999000348||587083307116|3543907||Av 80 A|777||Distrito Industrial|
|0150|800009987|CONSTRUTORA MOTA MACHADO|1058|07282783000192||061030155|2304400||Av Dom Luís|880|1ANDAR|Meireles|
|0150|800012653|ANTONIO CARLOS FELISBERTO DA SILVA ME|1058|10259970000160||555125069118|3540705||RUA PEDRO TIZIANI||250|LAGOA SERENA|
|0190|UN|unidad|
|0190|PC|pacote|
|0190|UD|unidade|
|0190|PEC|pecote|
|0190|JG|jogo|
|0190|CJS|unidade|
|0190|PCS|peca|
|0190|CJ|conjunto|
|0200|030053|REF.BRASTEMP F.FREE 420L BRM42 BR|||UN|00||||||
|0200|030130|REF.BRASTEMP F.FREE 352L BRM39 INOX|||UN|00||||||
|0220|PC|1,000|
|0200|030133|REF.BRASTEMP F.FREE 352L BRM39 BR|||UN|00||||||
|0220|PC|1,000|
|0200|030253|SEC.BRASTEMP/PISO ROTAT.BSR10A BR|||UN|00||||||
|0220|PC|1,000|
|0200|030303|LAVALOUCA BRASTEMP 12SERV.BLE12 BR|||UN|00||||||
|0220|PC|1,000|
|0200|030333|LAVAROUPA BRASTEMP 11KG BWL11 INOX|||UN|00||||||
|0200|030353|LAVASECA BRASTEMP 7kg/4Kg BWS24 PRATA|||UN|00||||||
|0220|PC|1,000|
|0200|030363|LAVAROUPA BRASTEMP 8KG BWB08A|||UN|00||||||
|0220|PC|1,000|
|0200|030373|LAVAROUPA TOTAL BRASTEMP 9KG BWL09A|||UN|00||||||
|0220|PC|1,000|
|0200|030383|LAVAROUPA BRASTEMP 11Kg BWL11 BR|||UN|00||||||
|0220|PC|1,000|
|0200|030433|FOGAO BRASTEMP CLEAN 4B BFO50BB BR|||UN|00||||||
|0200|030443|FOGAO BRASTEMP CLEAN 6B BFO76BB BR|||UN|00||||||
|0220|PC|1,000|
|0200|030450|FOGAO BRASTEMP CLEAN 4B BFO50 INOX|||UN|00||||||
|0200|030460|FOGAO BRASTEMP CLEAN 6B BFO76 INOX|||UN|00||||||
|0200|030483|AR SPLIT BRASTEMP 12000BTU BBV12/BBY12|||UN|00||||||
|0200|030523|DEPURADOR BRASTEMP DE VILLE 4B BAA60|||UN|00||||||
|0220|PC|1,000|
|0200|030533|DEPURADOR BRASTEMP DE VILLE 6B BAA80|||UN|00||||||
|0220|PC|1,000|
|0200|030553|DEPUR.BRASTEMP QUALITY 6B XAT80 INOX|||UN|00||||||
|0220|PC|1,000|
|0200|030940|FRIGO.BRASTEMP PORT/VIDRO 80L BZA08|||UN|00||||||
|0220|PC|1,000|
|0200|030960|ADEGA BRASTEMP 12GARRFAS BZC12 PRETA|||UN|00||||||
|0200|031073|FOG.BRAST.ATIVE EMB.5B TIME BY776 BR|||UN|00||||||
|0200|031130|COIFA BRASTEMP BAI91 INOX|||UN|00||||||
|0220|PC|1,000|
|0200|031170|FOG.BRASTEMP ATIVE 5B EMB. BY776 INOX|||UN|00||||||
|0200|031240|ASPIRADOR PO BRASTEMP CLEAN B7B14A|||UN|00||||||
|0200|040013|REF.CONSUL F.FREE 360L CRB36 BR|||UN|00||||||
|0200|040103|FREEZER CONSUL 260L CVU26D BR|||UN|00||||||
|0200|040133|FRIGOBAR CONSUL 120L CRC12A BR|||UN|00||||||
|0220|PC|1,000|
|0200|040173|FREEZER CONSUL 200L CVU20D BR|||UN|00||||||
|0200|040183|FREEZER CONSUL 100LTS CVT10B BRANCO|||UN|00||||||
|0200|040213|REF.CONSUL F.FREE 330L CRM33A BR|||UN|00||||||
|0220|PC|1,000|
|0200|040223|REF.CONSUL F.FREE 370L CRM37 BR|||UN|00||||||
|0220|PC|1,000|
|0200|040250|AR COND.CONSUL 7500 CCN07 C/CONT.|||UN|00||||||
|0220|PC|1,000|
|0200|040280|AR COND.CONSUL 12000 CCY12A C/CONTROLE|||UN|00||||||
|0200|040290|AR COND.CONSUL 10000 CCN10 C/CONT.|||UN|00||||||
|0220|PC|1,000|
|0200|040383|FOG.CONSUL FACILITE 4B CF550 INOX|||UN|00||||||
|0220|PC|1,000|
|0200|040393|FOG.CONSUL FACILITE 6B CF576 INOX|||UN|00||||||
|0220|PC|1,000|
|0200|040423|LAVAROUPA CONSUL 7KG CWI07 BR|||UN|00||||||
|0200|040430|DEPURADOR CONSUL 4B CAT60 INOX|||UN|00||||||
|0220|PC|1,000|
|0200|040440|DEPURADOR CONSUL 6B CAT80 INOX|||UN|00||||||
|0220|PC|1,000|
|0200|040550|ASPIRADOR PO CONSUL LEVE C7P13B|||UN|00||||||
|0220|PC|1,000|
|0200|040560|ASPIRADOR PO CONSUL SUPER C7A14A|||UN|00||||||
|0220|PC|1,000|
|0200|070410|TV CCE 14" C/CONTROLE HPS-1497|||UN|00||||||
|0200|070420|TV CCE 14" TELA PLANA TV-1418|||UN|00||||||
|0220|PC|1,000|
|0200|090240|GRILL/SANDUICHEIRA NKS I-15 PRETA/IN|||UN|00||||||
|0200|100030|FOGAO ESMALTEC SAMOA 4B INOX 4013|||UN|00||||||
|0200|100160|GELAGUA ESMALTEC EGC35B INOX PR|||UN|00||||||
|0220|UD|1,000|
|0200|100200|GELAGUA COLUNA ESMALTEC EGC35B|||UN|00||||||
|0220|UD|1,000|
|0200|100210|GELAGUA MESA ESMALTEC EGM30 BR|||UN|00||||||
|0220|UD|1,000|
|0200|120020|LIQUIDIFICADOR C/FILTRO MONDIAL L-51|||UN|00||||||
|0220|PC|1,000|
|0200|120080|VENTILADOR COLUNA 40CM MONDIAL V-61|||UN|00||||||
|0220|PC|1,000|
|0200|120090|VENTILADOR 30CM MONDIAL NV-31|||UN|00||||||
|0200|120110|CIRCULADOR TORRE MONDIAL CT-01|||UN|00||||||
|0220|PC|1,000|
|0200|150040|VENTILADOR MALLORY BOREAL 30CM|||UN|00||||||
|0200|180203|F.MIC.PANASONIC FAMILY 35L NN-ST669|||UN|00||||||
|0220|PEC|1,000|
|0200|180260|F.MI.PANASONIC PICCOLO NN-ST359 PRATA|||UN|00||||||
|0200|180280|TEL.S/FIO PANASONIC KXTG1371(1,9GHz)|||UN|00||||||
|0220|PEC|1,000|
|0200|180290|TELEF.BINA PANASONIC KXTG1381(1,9GHZ)|||UN|00||||||
|0220|PEC|1,000|
|0200|180420|MINI SYSTEM PANASONIC SC-AKX52LB|||UN|00||||||
|0200|180580|RAMAL/SECRET.PANASONIC KX-TG6522|||UN|00||||||
|0220|PEC|1,000|
|0200|180590|TEL.RAMAL/BINA PANASONIC KX-TG6512|||UN|00||||||
|0220|PEC|1,000|
|0200|180600|TV PANASONIC LED 42" TC-L42E5BG|||UN|00||||||
|0200|180700|TV PANASONIC PLASMA 5O" 3D TC-P50UT50B|||UN|00||||||
|0200|180770|TV PANASONIC LCD DTV 32" TC-L32C30B|||UN|00||||||
|0200|180790|TV PANASONIC LCD 42" TC-L42U30B|||UN|00||||||
|0200|180920|SUPORTE P/TV LCD 17"A 60" FIXO|||UN|00||||||
|0200|220183|LAVAROUPA ELECTROLUX 9KG LTE09|||UN|00||||||
|0200|220283|F.ELECTROLUX F.FREE 236L FFE24 BR|||UN|00||||||
|0200|220370|FOG.ELECTROLUX 2xFORNO 4B INOX 56DTX|||UN|00||||||
|0200|290060|FORNO ELETRICO SUGGAR 23L FE2322 INOX|||UN|00||||||
|0200|290190|SANDUICHEIRA SUGGAR SD-2022|||UN|00||||||
|0200|290220|LIQUID.SUGGAR LIQMAX LQ2222|||UN|00||||||
|0200|290230|GRILL COOK PRESS SUGGAR GR2042|||UN|00||||||
|0200|290260|JARRA ELETRICA SUGGAR JR1002|||UN|00||||||
|0200|290290|PANELA ELETRICA SUGGAR PE1022|||UN|00||||||
|0200|290300|CAFETEIRA SUGGAR 20XIC.INOX CF2022|||UN|00||||||
|0200|330050|FERRO WALITA AUTOMATICO RI133|||UN|00||||||
|0200|330090|BATEDEIRA WALITA RI7110|||UN|00||||||
|0200|330150|LIQUID. WALITA ALUMINIO RI2094|||UN|00||||||
|0200|330210|LIQUID. WALITA 2V RI2008|||UN|00||||||
|0200|330250|SANDUIC.WALITA GRILL 2386 PANINI|||UN|00||||||
|0200|520280|JG.XICARA/CAFE 4PCS ALIMP.P124|||UN|00||||||
|0200|650200|PROTETOR P/GARRAFAO AQUAXIQUE|||UN|00||||||
|0200|660090|GARRAFA TERM.SAMBA QUICK 1L COLOR|||UN|00||||||
|0220|PC|1,000|
|0200|700590|AFIADOR FACAS HUDSON FK42181|||UN|00||||||
|0200|701750|LUVA P/LIMPEZA/MICROF.HUDSON EVFWMM|||UN|00||||||
|0200|701760|COLHER E ESPATULA LONGA HUDSON EVLSS|||UN|00||||||
|0200|710020|ESCORREDOR 20PRATOS MAK INOX|||UN|00||||||
|0200|810170|JG.AMERICANO DIVERSO EDFORT 6PCS|||UN|00||||||
|0200|812960|RALADOR QUEIJO BONECA EDF.RAL|||UN|00||||||
|0200|813370|BALDE P/PIPOCA PLAST.EDF.GRANDE SX96|||UN|00||||||
|0200|820830|COLHER DUPLA 28CM QUADRIF.KD2604596|||UN|00||||||
|0200|840970|PRATO GITATORIO 40CM BENC.74106|||UN|00||||||
|0200|880080|FRIGID.32 MASTER MULTIFLON 46032|||UN|00||||||
|0200|890210|JG.6PANELAS TRAMONT.INOX 65510/200|||UN|00||||||
|0200|890430|LIXEIRA C/PEDAL 20L INOX TRAM.94538/20|||UN|00||||||
|0200|900840|MOEDOR PIMENTA E SAL ACRI.FULL.15407|||UN|00||||||
|0220|PC|1,000|
|0200|902110|ADEGA P/8GAR.C/FRIGOBAR FULL 25149|||UN|00||||||
|0200|902550|PEDRA P/AMOLAR FACA FULL 15827|||UN|00||||||
|0200|910781|JG.6TACAS CLAUDIA V.TINTO RICAELLE|||UN|00||||||
|0200|910782|JG.6TACAS CLAUDIA V.BRANCO RICAELLE|||UN|00||||||
|0200|940390|CAPA P/MAQUINA DE LAVAR KOUNTRY|||UN|00||||||
|0200|950010|FOGAO GAS PORTATIL CHEFS YOI PRETO|||UN|00||||||
|0200|950370|COIFA PARED FISCHER TALENT 90cm.5456|||UN|00||||||
|0200|950490|FORNO ELETRICO FISCHER 44L INOX 9982|||UN|00||||||
|0200|040123|FRIGOBAR CONSUL 80L CRC08A BR|||UN|00||||||
|0220|PC|1,000|
|0200|040570|ASPIRADOR PO CONSUL FACILITE C7P14A|||UN|00||||||
|0220|PC|1,000|
|0200|100220|GELAGUA MESA ESMALTEC EGM30 ESTILO|||UN|00||||||
|0220|UD|1,000|
|0200|103320|ESPUMADEIRA INOX J.F.C|||UN|00||||||
|0200|180380|MINI SYSTEM PANASONIC SC-AKX80|||UN|00||||||
|0200|900980|PORTA DETERG./ESPONJA FULL 14564|||UN|00||||||
|0200|902050|PEGADOR P/CABO SILIC.FULL 14775|||UN|00||||||
|0200|950120|JG.AMERICANO 4PCS YOI AHG479|||UN|00||||||
|0200|030093|FREEZER BRASTEMP F.F 280L BVR28 BR|||UN|00||||||
|0200|030123|REF.BRASTEMP INVERSE 422L BRE50 INOX|||UN|00||||||
|0200|030263|SEC. BRASTEMP SUSPENSA 10KG BSI10A|||UN|00||||||
|0200|030300|LAVALOUCA BRASTEMP 12SERV.BLE12 INOX|||UN|00||||||
|0200|031190|FOG.BRASTEMP.ATIVE 4B GRILL BF850 BR|||UN|00||||||
|0220|PC|1,000|
|0200|040203|REF.CONSUL F.FREE 330 CRM33 INOX|||UN|00||||||
|0220|PC|1,000|
|0200|050880|FORNO ELETRICO BOSCH INOX HBA11B TIMER|||UN|00||||||
|0200|120130|ESPREMEDOR PREMIUM MONDIAL E-02|||UN|00||||||
|0220|PC|1,000|
|0200|180910|REF.PANASONIC INVERTER 512L NRD512YZ|||UN|00||||||
|0200|220133|LAVAROUPA ELECTROLUX 15KG LA15F|||UN|00||||||
|0200|330030|LIQ.WALITA 3V FILTRO/ESPATULA RI2034|||UN|00||||||
|0200|500820|ESCUMADEIRA MIMO ASA3|||UN|00||||||
|0200|700680|ESPREMEDOR/LIMAO/PEIXE HUDSON PR3939|||UN|00||||||
|0200|700740|JG 5CLIPS P/SACO HUDSON EVPCMULTI|||UN|00||||||
|0200|702180|ESCORREDOR/PRATO/DOB.HUDSON PRCDD100|||UN|00||||||
|0200|760058|FRUTEIRA 30CM BRILHANTE 06/391/30|||UN|00||||||
|0200|813550|GARRAFA TERMICA 1L COLOR EDFORT GAF|||UN|00||||||
|0200|820820|CLIP MAGNETICO/SOM QUADRIF.3300|||UN|00||||||
|0200|104090|JG.BANHEIRO 4PCS KABALLA SORTIDOS|||UN|00||||||
|0200|200360|DVD PHILIPS KARAOKE/MIC.DVP-3350KMX|||UN|00||||||
|0200|701613|TAPETE PEB TRA HUDSON ID-800-10|||UN|00||||||
|0200|903450|JG.4TACAS SOBREM.FULL PRETA 56480|||UN|00||||||
|0200|050840|DEP.BOSCH PROFESSIONAL 6B DHB845 INOX|||UN|00||||||
|0200|090280|FORNO ELETRICO NKS DKS-690|||UN|00||||||
|0200|150410|TORRADEIRA MALLORY TOSTARE PLUS|||UN|00||||||
|0200|500081|JG.4TACAS SILVER MARTINE MIMO TCS04|||UN|00||||||
|0200|680940|QUEIJEIRA VERONA SOYUS|||UN|00||||||
|0200|840620|PRATO GIRAT.35CM BENC.740|||UN|00||||||
|0200|902680|TABUA P/CORTE/BAMBU 30X20 FULL 13508|||UN|00||||||
|0220|PC|1,000|
|0200|180390|DVD HOME THEATER PANASONIC SC-PT580LB|||UN|00||||||
|0200|030870|REF.BRAST.SIDE BY SIDE 620L BRS62 INOX|||UN|00||||||
|0220|PC|1,000|
|0200|031200|FOG.BRASTEMP 5B GOUR.EMB.BY976 INOX|||UN|00||||||
|0200|050910|REFRIGERAD.ALL BOSCH 380L KSR39 INOX|||UN|00||||||
|0200|090250|PRESS GRILL NKS TSK-1455|||UN|00||||||
|0200|500340|PENEIRA INOX 10CM MIMO AP10|||UN|00||||||
|0200|500360|PENEIRA INOX 16CM MIMO AP16|||UN|00||||||
|0200|500630|CORTADOR/QUEIJO MIMO ASA12|||UN|00||||||
|0200|501110|FAQUEIRO 72PCS MIMO MAL.AT72A/AT1072A|||UN|00||||||
|0200|700972|MELEIRA HUDSON MS80151|||UN|00||||||
|0200|050990|REF.BOSCH F.FREE 403L KDN43A INOX|||UN|00||||||
|0200|090350|PRESS GRILL TP/VIDRO NKS TSK-2161|||UN|00||||||
|0200|900121|CANECA INOX P/VIAGEM FULL 13921|||UN|00||||||
|0200|903070|PA P/GELO FULL 13574|||UN|00||||||
|0200|030630|LAVALOUCA BRASTEMP 8SERV.PLE20 PRATA|||UN|00||||||
|0220|PC|1,000|
|0200|031100|F.MIC.BRASTEMP GRATINE 30L BMX35 INOX|||UN|00||||||
|0200|050543|FOGAO CONT.PERFETTO 4B FSF12 BR|||UN|00||||||
|0200|050830|DEP.BOSCH PROFESSIONAL 4B DHB645 INOX|||UN|00||||||
|0200|090320|MICRO SYSTEM NKS MP3 PCD3005|||UN|00||||||
|0200|120040|MINI PROCESSADOR MONDIAL MP-01|||UN|00||||||
|0220|PC|1,000|
|0200|120050|GRILL PREMIUM MONDIAL G-01|||UN|00||||||
|0220|PC|1,000|
|0200|120140|FERRO SECO NACIONAL MONDIAL F-11|||UN|00||||||
|0200|180180|F.MIC.PANASONIC PICCOLO NN-ST362 PRATA|||UN|00||||||
|0200|180253|F.MIC.PANASONIC PERFECT NN-ST568|||UN|00||||||
|0200|180263|F.MIC.PANASONIC PICCOLO NST369 LIGHT|||UN|00||||||
|0200|180810|DEPILADOR PANASONIC SEC/MOLH.ES2059|||UN|00||||||
|0200|290180|FERRO SECO SUGGAR FR-3522|||UN|00||||||
|0200|330020|LIQUIDIFICADOR WALITA 3V RI2035/00|||UN|00||||||
|0200|330240|ESPREMEDOR|||UN|00||||||
|0200|531310|RELOGIO PAREDE 17,5CM ROG.9826|||UN|00||||||
|0200|670890|AGUA PERFUMADA P/AMBIENTE 230ML|||UN|00||||||
|0200|701420|MINI LIMPADOR HUDSON EV-FGR-M|||UN|00||||||
|0200|710270|ESCORREDOR 16PRATOS MAKINOX COLOR|||UN|00||||||
|0200|813030|PETISQUEIRA 21CM EDFORT HP002|||UN|00||||||
|0200|850050|CHAPA DUPLA FACE 280X230 FUMIL|||UN|00||||||
|0200|900570|ESPONJA P/LAVAR 25CM FULL 20076|||UN|00||||||
|0200|901160|JG.6TACAS CERVEJA JUL.FULL 55606|||UN|00||||||
|0200|901860|JG DOMINO 12 CASAS FULL 14568|||UN|00||||||
|0200|902270|FRIG.WOK TP/VIDRO 32CM FULL 13892|||UN|00||||||
|0220|PC|1,000|
|0200|060210|BIC.ERGOMETRICA CALOI CLASSIC CLB10|||UN|00||||||
|0200|030293|LAVALOUCA BRASTEMP 8SERV.BLE20 BR|||UN|00||||||
|0220|PC|1,000|
|0200|030880|REF.BRASTEMP F.FREE 470L BRM47 INOX|||UN|00||||||
|0200|040233|REF.CONSUL F.FREE 450L CRM45 INOX|||UN|00||||||
|0200|050553|FOGAO CONT. PERFETTO 6B FSK12 BR|||UN|00||||||
|0200|050630|FOGAO CONT.G.PRIX 5B EMB.FEK14X INOX|||UN|00||||||
|0200|051070|COOKTOP BOSCH 2B VITROCERAMIC PKC345|||UN|00||||||
|0200|051220|FOG.BOSCH STYLE GRILL 4B HSF43I INOX|||UN|00||||||
|0200|090010|FORNO ELETRICO NKS DKS-650C|||UN|00||||||
|0200|090270|FACA ELETRICA NKS TSK-370|||UN|00||||||
|0200|100013|FOGAO ESMALTEC CARIBE 4B BR|||UN|00||||||
|0200|180900|BARBEADOR PANASONIC ES7101/ESRT31|||UN|00||||||
|0200|680150|PRATO BRAS.P/BOLO C/TAMPA 28CM SOYUS|||UN|00||||||
|0200|902600|COOLER P/6LONG NECK FULL 15794 AZ|||UN|00||||||
|0200|902650|ESCOVA/BANHEIRO/SUP.PAPEL FULL 13015|||UN|00||||||
|0220|PC|1,000|
|0200|890120|FRIGID.ALUM.24CM TRAMONTINA COLOR|||UN|00||||||
|0200|901280|CANTIL LISO INOX FULL 12949|||UN|00||||||
|0200|902430|RECHAUD RETAG.3L INOX FULL 13071|||UN|00||||||
|0200|040453|LAVAROUPA CONSUL 6KG CWI06 BR|||UN|00||||||
|0220|PC|1,000|
|0200|050993|REF.BOSCH SIDE BY SIDE KAN60 INOX|||UN|00||||||
|0200|150050|LIQUIDIFICADOR MALLORY EXPERT 2V|||UN|00||||||
|0200|680230|FRUTEIRA FOLIAGE C/PE SOYUS|||UN|00||||||
|0200|820540|CJ.MORINGA/COPO FOLHA QUADRI.0848|||UN|00||||||
|0200|950090|BUTANO IWATANI 250GR YOI|||UN|00||||||
|0200|530090|PRATO P/BOLO RED.40CM ROGEMAC 8514|||UN|00||||||
|0200|900283|SUPORTE P/FATIAR FULL.15048|||UN|00||||||
|0220|PC|1,000|
|0200|900671|JG.12GARFOS P/PETISCO FULL.16684|||UN|00||||||
|0200|660490|SALADEIRA 12CM M.CASS 0257|||UN|00||||||
|0200|910720|JG.P/BOLO KING 7PCS RICAELLE NGR12S|||UN|00||||||
|0200|040163|REF.CONSUL 241L DISPENSER CRP28B BR|||UN|00||||||
|0200|180550|DVD HOME THEATER PANASONIC SC-PT75LB|||UN|00||||||
|0200|200380|MINI SYSTEM PHILIPS MP3 FWM208|||UN|00||||||
|0200|902941|TESOURA MULTIUSO INOX FULL 15750|||UN|00||||||
|0200|980220|POTE RED.FREE/MIC PLASVALE 1,75L R443|||UN|00||||||
|0200|900690|P/RETRATO 13X18 INOX/BR.FULL 15167|||UN|00||||||
|0220|PC|1,000|
|0200|030273|LAVAROUPA BRASTEMP 8KG BWC08A|||UN|00||||||
|0200|180400|MINI SYSTEM PANASONIC SC-AKX10|||UN|00||||||
|0220|PEC|1,000|
|0200|700780|POTE RETANG. 4,6L HUDSON KX71506|||UN|00||||||
|0200|700800|POTE RET.C/3DIV.5L HUDSON KX71512|||UN|00||||||
|0200|710340|CONJUNTO P/QUEIJO MAK-INOX|||UN|00||||||
|0200|900241|LUVA DE SILICONE FULL 11615|||UN|00||||||
|0200|903562|P/RETRATO BABY PRAT.10X15 FULL 17078|||UN|00||||||
|0200|520261|GARRAFA TERM.1L LEJOUR ALIMP.1180|||UN|00||||||
|0200|680900|TACA ANDALUZ GIG.PRETO CIRC.SOYUS|||UN|00||||||
|0200|900201|ESPATULA/PINCEL SILIC.FULL 14764|||UN|00||||||
|0200|903431|JG.6GARFOS P/COQUET.INOX FULL 16427|||UN|00||||||
|0200|103260|JOGO SALEIRO/PIMENTEIRO J.F.C|||UN|00||||||
|0200|500083|JG.4TACAS SILVER CHAMPANHE MIMO TCS02|||UN|00||||||
|0200|500481|RELOGIO DE PAREDE MIMO R9175|||UN|00||||||
|0200|250480|FORNO/GAS GE 60CM EMB.INOX FOGGE060|||UN|00||||||
|0200|270010|TV SANSUNG 20" LCD/MONITOR 2033M|||UN|00||||||
|0200|TC-L42S20B|DCR-E2010/10499-9-Televisor em cores 42p|7896067212011||PEC|00||||||
|0200|030143|FREEZER BRASTEMP 240L BVG24G BR|||UN|00||||||
|0200|030830|FREEZER BRASTEMP F.F 280L BVR28 INOX|||UN|00||||||
|0220|PC|1,000|
|0200|030850|REF.BRASTEMP ALL 360L BRF36 INOX|||UN|00||||||
|0200|031093|FORNO MIC.BRASTEMP ATIVE 30L BMS45BR|||UN|00||||||
|0200|031110|F.MIC.BRASTEMP KING SIZE 38L BMX40 INOX|||UN|00||||||
|0200|031180|FOG.BRASTEMP 5B GOURMAND BF976 INOX|||UN|00||||||
|0200|031250|ASPIRADOR PO BRASTEMP FLY B7V09A|||UN|00||||||
|0200|040360|CLIMATIZADOR CONSUL PORTATIL CIF06AB|||UN|00||||||
|0200|040530|AR SPLIT CONSUL 9000BTU CBV09/CBY09|||UN|00||||||
|0220|PC|1,000|
|0200|040540|AR SPLIT CONSUL 18000BTU CBV18/CBY18|||UN|00||||||
|0200|070430|TV CCE 21" TELA PLANA TV2118|||UN|00||||||
|0200|103110|KIT.RODO,BALDE,REFIL,ROTECSUL|||UN|00||||||
|0200|103120|REFIL P/RODO ROTECSUL|||UN|00||||||
|0200|103220|VELAS DECORATIVAS PERFUMADAS J.F.C|||UN|00||||||
|0200|104020|COPO LONG DRINK KABALLA 10150|||UN|00||||||
|0200|180190|F.MIC.PANASONIC FLAT PANAG.NNGF580 PR|||UN|00||||||
|0220|PEC|1,000|
|0200|180243|F.MIC.PANASONIC STYLE NNGD587 INOX|||UN|00||||||
|0220|PEC|1,000|
|0200|180320|TELEFONE PANASONIC KX-TS9LBW|||UN|00||||||
|0200|180940|SUPORTE P/TV LCD 37"A 42" ARTICULADO|||UN|00||||||
|0200|200370|MICRO SYSTEM PHILIPS MCM-166X/78|||UN|00||||||
|0200|200460|DVD PHILIPS KAR/MIC DVP-3254KMX/78|||UN|00||||||
|0200|200480|RADIO CD PHILIPS MP3 AZ-302S|||UN|00||||||
|0200|250520|ADEGA GE P/23 GARRAFAS AVGEP23|||UN|00||||||
|0200|290033|DEPURADOR SUGGAR SIRIUS 4B DS62 BR|||UN|00||||||
|0200|290053|DEPURADOR SUGGAR SIRIUS 6B DS82 BR|||UN|00||||||
|0200|290200|PASSADEIRA SUGGAR/VAPOR PV4261|||UN|00||||||
|0200|290210|PASSADEIRA SUGGAR/VAPOR/PROF.PV6282|||UN|00||||||
|0200|290250|BATEDEIRA BATPLUS SUGGAR BT9022 INOX|||UN|00||||||
|0200|290310|VENTILADOR TORRE SUGGAR 74CM VE7422|||UN|00||||||
|0200|500020|PROTETOR DE ALIMENTOS MIMO AP35|||UN|00||||||
|0200|500021|PROTETOR DE ALIMENTOS MIMO AP30|||UN|00||||||
|0200|500160|CAFETEIRA ALUM.P/3 XIC.MIMO AF03|||UN|00||||||
|0200|500559|PORTA RETRATO 10X15 MIMO PF9106|||UN|00||||||
|0200|501710|FACA P/SALADA MIMO 998019|||UN|00||||||
|0200|502070|JG.POTES RED. MIMO 4PCS VD9193|||UN|00||||||
|0200|502391|DESCANSO/UTENSIL.SILIC.MIMO SN1069|||UN|00||||||
|0200|660230|GARRAFA TERM.MELODY QUICK 1L COLOR|||UN|00||||||
|0220|PC|1,000|
|0200|701070|SUP. P/COZ.OVO POCHE HUDSON MS50560|||UN|00||||||
|0200|701580|PORTA JOIA/CABIDE HUDSON RI15337|||UN|00||||||
|0200|710370|ESCORREDOR P/12PRATOS INOX MAK-INOX|||UN|00||||||
|0200|710380|ESCORREDOR/COPOS INOX MAK-INOX|||UN|00||||||
|0200|840121|PRATO P/SERVIR BENCAF.36X16CM 71026|||UN|00||||||
|0200|840850|RECHAUD C/2TRAV.OVAIS BENC.40055|||UN|00||||||
|0200|880260|FRIGIDEIRA DUPLA 18 MULTIFLON 55118|||UN|00||||||
|0200|900031|JARRA ECOL HAND 1500ML FULL 56164|||UN|00||||||
|0200|900913|PORTA RETRATO ZAMAC 13X18 FULL 17011|||UN|00||||||
|0200|902171|JG.JANTAR PORC.42PCS RAIN FUL.15416|||UN|00||||||
|0200|902284|TRAVESSA PORCEL.ALCA 40CM FULL 16212|||UN|00||||||
|0200|902511|JG.6TACAS SOBREMESA VEGA FULL 56589|||UN|00||||||
|0200|902740|JG.6GARFOS/PETISCO SORT.FULL 1415|||UN|00||||||
|0200|902920|SALADEIRA C/2TALHERES FULL 14565|||UN|00||||||
|0200|910760|CUPULA SUMMER PEQ.15CM RICAELLE 311|||UN|00||||||
|0200|950330|COIFA ISLAND FISCHER 5455|||UN|00||||||
|0200|970410|BOMBONIERE VIDRO CONTHEY 134406|||UN|00||||||
|0200|030933|DEP.BRASTEMP EMB.6B VIDRO BAG80 BR|||UN|00||||||
|0200|180870|CAMERA DIGITAL PANASONIC DMC-FH2LB|||UN|00||||||
|0200|500082|JG.4TACAS SILVER P/AGUA MIMO TCS02|||UN|00||||||
|0200|500550|PA PARA BOLO MIMO ASA15|||UN|00||||||
|0200|501170|ESPATULA P/PATE MIMO ASA66|||UN|00||||||
|0200|850270|SANDUIC.2 PAES/FORMA FUMIL 737|||UN|00||||||
|0200|902760|JG.3ESPATULA SILIC.CB/MAD.FULL 1503|||UN|00||||||
|0200|940440|PORTA MALA JAQUES 615|||UN|00||||||
|0200|031020|FOG.BRASTEMP ATIVE MAX.4B INOX BF760AR|||UN|00||||||
|0200|031150|FOG.BRASTEMP ATIVE 5B GRILL BF876 BR|||UN|00||||||
|0200|050970|COIFA BOSCH PIRAMIDE 90CM INOX DWW09|||UN|00||||||
|0200|051110|COOKTOP BOSCH 5B GAS INOX PCL755|||UN|00||||||
|0200|120170|KIT COZINHA COMPLETA MONDIAL KT06|||UN|00||||||
|0220|PC|1,000|
|0200|290270|FERRO MADRI SUGGAR S/FIO FR4022|||UN|00||||||
|0200|501800|BAND.RET.MED.ALCA OVAL MIMO YK9124|||UN|00||||||
|0200|811030|COLHER/SORVETE EDFORT GL173|||UN|00||||||
|0200|812120|PINCA P/CHURRASCO 13CM EDF.GL204|||UN|00||||||
|0200|813440|MEDIDOR 600ML EDFORT GL321|||UN|00||||||
|0200|900022|BALDE/GELO INOX ZEN REGEN.FULL 14090|||UN|00||||||
|0200|900037|JG.FONDUE 2X1 ACO E CERAMICA 16066|||UN|00||||||
|0200|900041|FORMA P/GELO EMBORRAC. FULL 1666|||UN|00||||||
|0200|902530|PILAO/BAMBU 5CM FULL 15756|||UN|00||||||
|0200|910100|P.BOLO SUP.GR 40CM RICAELLE 116|||UN|00||||||
|0200|910640|PORTA RETRATO ALUMIN.RICAELLE D52|||UN|00||||||
|0200|910900|VASO BOHEMIA 24CM RICAELLE 82501/245|||UN|00||||||
|0200|950231|JG.PANELAS VM ASD 4PCS YOI 9531|||UN|00||||||
|0200|980050|ASSAD.RET.GR.C/RECEITA 653662|||UN|00||||||
|0200|104180|JARRA 2L KABALLA SORTIDOS 1060|||UN|00||||||
|0200|500411|BATEDOR DE OVO SILICONE MIMO SN914|||UN|00||||||
|0200|500610|FACA 23CM MIMO ASA39|||UN|00||||||
|0200|500700|VASO CANELADO 20CM ALT.MIMO VD24|||UN|00||||||
|0200|520151|PORTA CHA 4DIVIS.KLASSIC ALIMP.34025|||UN|00||||||
|0200|520212|PORTA CHA/ACUCAREIRO ALIMP.B34026|||UN|00||||||
|0200|700953|COLHER ANIMAL SORTI. HUDSON MS-58900|||UN|00||||||
|0200|900750|SALADEIRA/MOLHEIRA FULL 17347|||UN|00||||||
|0200|901100|JG.6XIC.CAFE CROM/PR FULL 70002|||UN|00||||||
|0200|901491|DISPENSER CEREAIS 2COMPART.FULL 1661|||UN|00||||||
|0200|902250|FRIG.28CM CABO/SILICONE FULL 14888|||UN|00||||||
|0200|910150|PORTA PAO RICAELLE 132|||UN|00||||||
|0200|950063|PRATO BALI PEQ.FOLHA 5CM YOI 23357|||UN|00||||||
|0200|104170|PRATO GOURMET KABALLA SORTIDOS 10501|||UN|00||||||
|0200|160110|CAFETEIRA PROGRAM.OSTER 24XIC.4281|||UN|00||||||
|0200|180510|MINI SYSTEM PANASONIC SC-AKX74LBK|||UN|00||||||
|0200|500130|JG 2PCS AZEITE/VINAGRE MIMO VD41|||UN|00||||||
|0200|700490|JG.10 ANEIS P/MEIAS HUDSON EV-SP10|||UN|00||||||
|0200|702090|COLHER/MEDIDA P/CAFE HUDSON MS28100|||UN|00||||||
|0200|900600|COOLER 1GARR.P/FREEZER FULL.13992|||UN|00||||||
|0220|PC|1,000|
|0200|902285|TRAVESSA PORCEL.ALCA 25CM FULL 16213|||UN|00||||||
|0200|950071|PALITEIRO YOI ATHOS OMD303|||UN|00||||||
|0200|502300|JG.AMERICANO 4PCS COLOR MIMO JA105|||UN|00||||||
|0200|520741|BALDE DE GELO ILLUSION B34019S|||UN|00||||||
|0200|900034|JG.6COPOS AUBERGE 100ML FULL 56324|||UN|00||||||
|0200|900221|CHAMPANHEIRA BARCO PEQ.BR FULL 14462|||UN|00||||||
|0200|900470|JG. 30 TACAS ANGELA FULL 55706|||UN|00||||||
|0200|902580|COOLER P/LATINHA FULL 15789 PRETO|||UN|00||||||
|0200|031140|F.MIC./ELET.BRASTEMP 31L BMD35 ALUM.|||UN|00||||||
|0200|290170|MAQUINA/GELO SUGGAR MG-1022 PRATA|||UN|00||||||
|0200|290280|GRILL PETISCO SUGGAR GR3032|||UN|00||||||
|0200|500350|PENEIRA INOX 14CM MIMO AP14|||UN|00||||||
|0200|500370|PENEIRA INOX 18CM MIMO AP18|||UN|00||||||
|0200|501140|COLHER P/ARROZ MIMO ASA2|||UN|00||||||
|0200|501740|BAND.RETANG.MEDIO MIMO YK9123|||UN|00||||||
|0200|501970|SALADEIRA PORC.21CM MIMO GR.PB935G|||UN|00||||||
|0200|840772|BANDEJA WOOD COLOR 46X30 BENCAF.8802|||UN|00||||||
|0200|890560|BAIXELA TRAMONT.COSMOS 7PCS 64310080|||UN|00||||||
|0200|901511|PRATO P/BOLO C/PE VIDRO FULL 16647|||UN|00||||||
|0200|902040|FORMA GELO SILICONE FULL 14771|||UN|00||||||
|0200|910730|PETISQUEIRA KING RICAELLE PM012ST|||UN|00||||||
|0200|501750|BAND.RETANG.GRANDE MIMO YK9123|||UN|00||||||
|0200|700880|CLIPS P/SACO HUDSON PR6014|||UN|00||||||
|0200|903280|CHAMPANHEIRA VINO DUO FULL 1647|||UN|00||||||
|0200|051210|FOG.BOSCH STYLE GRILL 5B HSK44I INOX|||UN|00||||||
|0200|090130|RADIO RELOGIO AM/FM NKS GL-324|||UN|00||||||
|0200|200330|MINI SYSTEM PHILIPS MP3 FWM143/55|||UN|00||||||
|0200|330270|CENTRIFUGA WALITA RI1861|||UN|00||||||
|0200|501771|CESTO MED.RET.ALCA RETA MIMO YK9122|||UN|00||||||
|0200|660900|PETISQUEIRA PORC.5PCS M.SHOP 0249|||UN|00||||||
|0200|701590|PORTA SAPATOS/CABIDE HUDSON RI2546W|||UN|00||||||
|0200|740010|UVA JATEADA/FOLHA RESINA ARUANAN|||UN|00||||||
|0200|811150|FACA P/QUEIJO EDFORT GD10|||UN|00||||||
|0200|900310|PROTETOR/DEDOS/FATIAR FULL 15060|||UN|00||||||
|0200|900950|JG.3COLHERES COCKTAIL FULL 12830|||UN|00||||||
|0200|901830|JG.2TACAS SORVETE/COLHER FULL 14559|||UN|00||||||
|0220|JG|1,000|
|0200|220460|FORNO ELETRICO ELECTROLUX OE6MX INOX|||UN|00||||||
|0200|030073|REF.BRASTEMP F.FREE 470L BRM47 BR|||UN|00||||||
|0200|050620|FOGAO CONT.G.PRIX 5B FSK14I INOX|||UN|00||||||
|0200|050890|FREEZER BOSCH 300L GSD32 INOX|||UN|00||||||
|0200|180540|FAC-SIMILE PANASONIC KX-FT932|||UN|00||||||
|0220|PEC|1,000|
|0200|180880|TV PANASONIC LCD 32" TC-L32C10B|||UN|00||||||
|0200|520210|PETISQUEIRA/TAMPA ALIMP. B32512|||UN|00||||||
|0200|520750|JARRA ACRIL.ALIMP.C/INFUSOR B34018|||UN|00||||||
|0200|520850|CJ.3POTES/TP QUAD.PLAST.ALIMP.BRMS3|||UN|00||||||
|0200|531080|TACAS/SORV.VID.VEGA ROG.6Pcs 5005|||UN|00||||||
|0200|660300|BALDE/GELO/PINCA/INOX M.SHOP 570428|||UN|00||||||
|0200|660930|BALDE P/GELO INOX 2L M.SHOP 70207|||UN|00||||||
|0200|680310|TACA TROPICAL GIGANTE SOYUS|||UN|00||||||
|0200|680470|JARRA IMPERIO MEDIA SOYUS|||UN|00||||||
|0200|700430|JG.3CLIPS P/SACO HUDSON PR6015|||UN|00||||||
|0200|700770|POTE RETANG.3,6L HUDSON KX71557|||UN|00||||||
|0200|701270|POTE RETANG.2DIV.HUDSON KX71596|||UN|00||||||
|0200|760020|FRUTEIRA C/PE BRILHANTE 06/590/32|||UN|00||||||
|0200|890100|FRIGID.ALUM.20CM TRAMONTINA COLOR|||UN|00||||||
|0200|900710|MOEDOR SAL/PIMENTA FULL 13675|||UN|00||||||
|0200|902210|GARRAFA P/AGUA 350ML FULL 14891|||UN|00||||||
|0200|902870|DISPENSER P/CEREAIS FULL 12835|||UN|00||||||
|0200|950290|BANDEJA NEWSPAPER 35X35 YOI|||UN|00||||||
|0200|720020|GARR.TERM.ALADIM 1L SUP.LISA3306|||UN|00||||||
|0200|813060|PETISQUEIRA 4DIV.EDFORT HP015|||UN|00||||||
|0200|840480|BANDEJA VIDRO/MAD.BENC.74050|||UN|00||||||
|0200|902890|BALDE P/GELO 11,5 FULL 1358|||UN|00||||||
|0200|030990|FOGAO BRASTEMP FLAT 5B BF175AR INOX|||UN|00||||||
|0200|050600|FOGAO CONT.SPLENDIDO 4B INOX|||UN|00||||||
|0200|220423|FOGAO ELECTROLUX EMBUTIR 5B 76ETX IN|||UN|00||||||
|0200|500210|JOGO DE PANELAS ESMAL.MIMO 7P?S E07|||UN|00||||||
|0200|680090|TACA MARTINE PE BAIXO LEITOSO SOYUS|||UN|00||||||
|0200|950151|JG.CHURRASCO/BOLSA 4PCS YOI|||UN|00||||||
|0200|530570|PRATO GLACIER ROGEMAC 3067|||UN|00||||||
|0200|540310|VEU COBRE JARRA INFINITY|||UN|00||||||
|0200|701700|GANCHO/XIC.PLAST./BR HUDSON FQ70114|||UN|00||||||
|0200|900021|BANDEJA INOX PERLE REGEN. FULL 13912|||UN|00||||||
|0200|902451|RECHAUD RETANG.DUP 1,5L FULL 13050|||UN|00||||||
|0200|903210|DISPENSER P/DETERGENTE FULL 16277|||UN|00||||||
|0200|970230|JG.6 COPOS MULTICOLOR CONTHEY 128645|||UN|00||||||
|0200|103240|JOGO P/BANHEIRO 4PCS J.F.C|||UN|00||||||
|0200|180350|FAX PAPEL PLANO PANASONIC KX-FP207BR|||UN|00||||||
|0200|660780|ADEGA P/1 GARRAFA M.SHOP 40826|||UN|00||||||
|0200|812990|PETISQUEIRA EDFORT BA008|||UN|00||||||
|0200|980140|JARRA MEDIDORA DEC.240ML 651500|||UN|00||||||
|0200|106060|PORTA GUARDANAPO BEHLING MADEIRA GN2|||UN|00||||||
|0200|901281|JG.16 PORTA TEMPEROS SUP.FULL 15404|||UN|00||||||
|0200|902450|RECHAUD P/SOPA 4L FULL 13342|||UN|00||||||
|0220|PC|1,000|
|0200|902960|POTE VIDRO/TP MAD.9,7CM FULL 46124|||UN|00||||||
|0200|902970|POTE VIDRO/TP MAD.16CM FULL 46125|||UN|00||||||
|0200|903150|BOLSA TERMICA/PVC CABANAZ FULL 1614|||UN|00||||||
|0200|903260|CHAMPANHEIRA QUAD.PRETA FULL 16468|||UN|00||||||
|0200|903320|BANDEJA MELAM.NEW WINE FULL GR 15421|||UN|00||||||
|0200|980300|GARRAFA P/AGUA 1.5L R.1428|||UN|00||||||
|0200|520020|JG.2PCS AZEITE/VINAG.ALIMP.BG49015|||UN|00||||||
|0200|040460|CENTRIFUGA CONSUL SEC FACIL C2A05B|||UN|00||||||
|0200|101410|JARRA ROC 1,8L LUMINARC 62795|||UN|00||||||
|0200|106030|MESA/COQUET.PRETO BEHLING BQVO2 GR.|||UN|00||||||
|0200|106050|MESA/COQUET.BRANCA BEHLING BQVO2 GR.|||UN|00||||||
|0200|501600|CONCHA P/MESA MIMO ATC|||UN|00||||||
|0200|521080|GARRAFA TERMICA BISTRO ALIMP.A13890|||UN|00||||||
|0200|530110|JG.2 TACAS P/DEGUSTACAO ROG.5150|||UN|00||||||
|0200|813010|PETISQUEIRA 27CM EDFORT BA010|||UN|00||||||
|0200|902490|CEPO 5FACAS CORACAO/VM FULL 70040|||UN|00||||||
|0200|702170|PORTA BOLO DOBRAVEL HUDSON PRBCC2|||UN|00||||||
|0200|900282|FATIADOR QUEIJO/MANTEIGA FULL.15044|||UN|00||||||
|0200|900921|PORTA RETRATO 13X18 ALUM.FULL 13274|||UN|00||||||
|0200|970360|JG.4POTES REDON.VD/TP CONTHEY 146319|||UN|00||||||
|0200|660020|GARRAFA TERM.ELLIPSE 600ML|||UN|00||||||
|0200|661010|FACA SANTOKU INOX COLOR M.SHOP 60003|||UN|00||||||
|0200|661020|FACA CHEF C/FUROS INOX M.SHOP AM|||UN|00||||||
|0200|900890|JG.6TACAS/SORVETE FULL 12269INOX|||UN|00||||||
|0200|902370|DISP.P/VINAGRE/OLEO FULL 14013|||UN|00||||||
|0200|910340|CONJ.TALLA 7PCS RICAELLE C206|||UN|00||||||
|0200|103250|JOGO GALHETEIRO 5PCS J.F.C|||UN|00||||||
|0200|840521|JG.P/LANCHE BENCAFIL 3PCS 3908|||UN|00||||||
|0200|900023|ANEL AJUSTAV.P/BOLO REDON.FULL 15046|||UN|00||||||
|0200|700952|CJ.4 COLHER ANIMAL HUDSON MS-58733|||UN|00||||||
|0200|902200|JG.XIC/CAFE/CX/PRESENTE FULL 12PCS|||UN|00||||||
|0200|910480|P/RETRATO RENDADO RICAELLE 72939|||UN|00||||||
|0200|103100|TOALHA ROSTO BORDADA|||UN|00||||||
|0200|531060|GAR./WHISK VICTORIA 6FACES ROG.5847|||UN|00||||||
|0200|910810|JG.30 TACAS LAURA RICAELLE LA030|||UN|00||||||
|0200|103080|COBERTA P/COMPOTEIRA GRANDE|||UN|00||||||
|0200|180500|DVD HOME THEATER PANASONIC SC-PT560|||UN|00||||||
|0200|811850|JG. P/PETISCOS EDF.RH174|||UN|00||||||
|0200|901190|BOMBONIERE CRISTAL FULL 55733|||UN|00||||||
|0200|970120|JG.JANTAR 20PCS 2FILETES D1442 CONTHEY|||UN|00||||||
|0200|970150|JG.JANTAR 20PCS BRANCO CONTHEY D1451|||UN|00||||||
|0200|970280|CHALEIRA/APITO 3L CONTHEY D1454|||UN|00||||||
|0200|970380|CENTRIFUGA/SALADA CONTHEY 123397|||UN|00||||||
|0200|970430|PETISQUEIRA 2GARFOS CONTHEY 144470|||UN|00||||||
|0200|970530|RELOGIO PAREDE 12CM CONTHEY 129351|||UN|00||||||
|0200|970560|BANDEJA DE BAMBU CONTHEY D1458|||UN|00||||||
|0200|290320|CHURRASQUEIRA GAS SUGGAR CH3001|||UN|00||||||
|0200|520130|PRATO GIRAT.APERIT.32CM ALIMP.RS41A|||UN|00||||||
|0200|680920|CINZEIRO CANADA SOYUS|||UN|00||||||
|0200|900100|CEPO MAD.C/5FACA CAB/SAND.FULL 13029|||UN|00||||||
|0200|900191|JG.P/QUEIJO MADEIRA 4PCS FULL 12588|||UN|00||||||
|0200|900952|JG.6ESPETOS P/PETISCO FULL.15881|||UN|00||||||
|0200|910860|DECANTER 1L HAPPY RICAELLE 35612/1000|||UN|00||||||
|0200|910980|VASO LABYRINTH 3OCM RICAELLE 87/305|||UN|00||||||
|0200|150240|TORRADEIRA MALLORY TOSTARE DUO|||UN|00||||||
|0200|500622|RELOGIO PARED.BORDA FINO MIMO R10123|||UN|00||||||
|0200|502382|PRENDEDOR/EMB.SILIC.4PCS MIMO SN1063|||UN|00||||||
|0200|820821|CLIP MAG.EMBALAG.REX QUADRIF.6301|||UN|00||||||
|0200|950320|FORNO ELETRICO GRATINAT.FISCHER 44L 17078|||UN|00||||||
|0200|970700|BANDEJA RETANG. GR.CONTHEY D146902|||UN|00||||||
|0200|670510|FACA TRAMONTINA PROF.MASTER N.10|||UN|00||||||
|0200|740040|PERA PEROLADA ARUANA|||UN|00||||||
|0200|900261|COLHER P/SORVETE 23CM FULL 12986|||UN|00||||||
|0200|900461|POTE P/MANTIM.VIDRO TP.BR FULL 13372|||UN|00||||||
|0200|900751|COOLER TERMICO 30L TERMOM.FULL 20273|||UN|00||||||
|0200|220590|SPLIT ELECTROLUX 9000BTU PE09F/PI09F|||UN|00||||||
|0200|900042|JG.4GARFOS P/PETISCO FULL 17021|||UN|00||||||
|0200|500557|PORTARETRATO AÇO 10X15 MIMO PF9101|||UN|00||||||
|0200|531330|SALADEIRA/FRUTEIRA ROGEMAC 8065|||UN|00||||||
|0200|660030|GARRAFA TERM.AUBERGE 1L CROMADA|||UN|00||||||
|0200|890600|FAQUEIRO/ESTOJO 130PCS TRAMONT.66911|||UN|00||||||
|0200|950062|BOWL BALI 5CM YOI 23356|||UN|00||||||
|0200|900014|PORTA GUARDANAPO CERAMICA FULL 01654|||UN|00||||||
|0200|740020|UVA ACRILICA MINI ARUANAM|||UN|00||||||
|0200|761224|VASO 41CM BRILHANTE 19/538/41|||UN|00||||||
|0200|810720|JG PIPOCA EDF 4PÇS BS009|||UN|00||||||
|0200|820240|COLHER SILICONE QUADRIF 4427|||UN|00||||||
|0200|870220|TRAV.QUADRADA 22,5x22,5 MORAT.PQ|||UN|00||||||
|0200|900012|TRAVESSA OVAL CERAMICA FULL 01658|||UN|00||||||
|0200|900035|JG 6COPOS AUBERGE 105ML FULL 56462|||UN|00||||||
|0200|900036|JG 3COPOS COCKTAIL 300ML FULL 56605|||UN|00||||||
|0200|900924|P/RETRATO FRIEN.MDF 10X15 FULL 17080|||UN|00||||||
|0200|900925|P/RETRATO VID/PRETO 13X18 FULL 17085|||UN|00||||||
|0200|901960|RALADOR/QUEIJO FULL INOX 13677|||UN|00||||||
|0200|902283|CAÇAROLA PORC C/TP BR GR FULL 16194|||UN|00||||||
|0200|900011|TRAVESSA RETANG.CERAMICA FULL 01653|||UN|00||||||
|0200|520211|SALADEIRA PARTY 2TALHER ALIMP.B34022|||UN|00||||||
|0200|950061|TRAVESSA BALI 48CM YOI 22430B|||UN|00||||||
|0200|950064|SALADEIRA BALI PEQ.13CM YOI 221923|||UN|00||||||
|0200|950072|TAVESSA OVAL YOI 30CM WINSTON OMD303|||UN|00||||||
|0200|6010240|COPO AGUA 350 ML - Cores Diversas|||UN|00||||||
|0200|6010340|PORTA ALGODAO - Cores Diversas|||UN|00||||||
|0200|6010342|PORTA ESCOVAS DENTAL COM TAMPA - Cores Diversas|||UN|00||||||
|0200|6010343|PORTA SABONETE LIQUIDO 350 ML - Cores Diversas|||UN|00||||||
|0200|6010344|SABONETEIRA - Cores Diversas|||UN|00||||||
|0200|6010350|PORTA ALGODAO - Cores Diversas|||UN|00||||||
|0200|6010352|PORTA ESCOVAS DENTAL COM TAMPA - Cores Diversas|||UN|00||||||
|0200|6010353|PORTA SABONETE LIQUIDO 350 ML - Cores Diversas|||UN|00||||||
|0200|6010359|PORTA ALGODAO|||UN|00||||||
|0200|6010362|PORTA ESCOVAS DENTAL COM TAMPA|||UN|00||||||
|0200|6010363|PORTA SABONETE LIQUIDO 350 ML|||UN|00||||||
|0200|6010610|JARRA SQUARE 1,5 LITROS.|||UN|00||||||
|0200|6010612|JARRA SQUARE 1,5 LITROS - Cores Diversas|||UN|00||||||
|0200|6010710|RESFRIADOR 2.900 ML - Cores Diversas|||UN|00||||||
|0200|030700|COIFA DE ILHA BRASTEMP BAV90A INOX|||UN|00||||||
|0220|PC|1,000|
|0200|900015|PENEIRA 10CM FULL 11704|||UN|00||||||
|0200|900016|PENEIRA 14CM FULL 12278|||UN|00||||||
|0200|900032|VASO CRIST.ECOL 28CM GOND.FULL 56539|||UN|00||||||
|0200|900033|VASO CRIST.ECOL 33CM YOKO FULL 56590|||UN|00||||||
|0200|900922|P/RETRATO MAD.METAL 13X18 FULL 13870|||UN|00||||||
|0200|900923|P/RETRATO MAD.ALUM.15X20 FULL 15157|||UN|00||||||
|0200|902281|CACAROLA PORC.C/TP BR PEQ.FULL 16192|||UN|00||||||
|0200|902282|CACAROLA PORC.C/TP BR MED.FULL 16193|||UN|00||||||
|0200|920150|JG.5FACAS/AFIADOR/TABUA TOY.T18098V|||UN|00||||||
|0200|950500|COIFA FISCHER TALENT DIGITAL 7050|||UN|00||||||
|0200|frch-24|Faqueiro 24 pcs|||CJS|00||||||
|0200|frch-42|Faqueiro 42 pcs|||CJS|00||||||
|0200|80129-3|Cj. Potes Vidro c/ Tampa 3 Pcs|||CJS|00||||||
|0200|941500-3|Cj. Potes Vidro c/ Tampa 3 Pcs|||CJS|00||||||
|0200|SC-AKX50LB-K|DCR-E2010/04872-0-CONJUNTO DE SOM 3X1 C/|7896067231821||PEC|00||||||
|0200|SC-AKX70LB-K|DCR-E2010/06591-8-CONJUNTO DE SOM 3X1 C/|7896067231838||PEC|00||||||
|0200|SC-PT75LB-K|DCR-E2010/03355-2-CONJUNTO DE SOM C/HOME|7896067231814||PEC|00||||||
|0200|SC-PT580LB-K|DCR-E2010/06648-5-CONJUNTO DE SOM C/HOME|7896067231845||PEC|00||||||
|0200|TC-P50V20B|DCR-E2010/04108-3-TELEVISOR C/TELA DE PL|7896067211946||PEC|00||||||
|0200|104030|COPO P/SUCO KABALLA SORTIDOS 10220|||UN|00||||||
|0200|105103|JG.POTES 2PCS C/TP GUINDER 8058|||UN|00||||||
|0220|CJS|1,000|
|0200|890360|FAQUEIRO LAGUNA 42PCS TRAMOT.66906/774|||UN|00||||||
|0200|890370|FAQUEIRO LAGUNA 76PCS TRAMOT.66906/30|||UN|00||||||
|0200|890422|LIXEIRA INOX 5L TRAMONTINA 94538/05|||UN|00||||||
|0200|890440|LIXEIRA C/PEDAL 3L INOX TRAM.94538/03|||UN|00||||||
|0200|890350|CUSCUZEIRA INOX TRAMOTINA 65650|||UN|00||||||
|0200|031260|F.MIC.BRASTEMP OVEN GRIL 30L BMT45 INOX|||UN|00||||||
|0220|PC|1,000|
|0200|031263|F.MIC.BRASTEMP OVEN GRIL 30L BMF45 BR|||UN|00||||||
|0220|PC|1,000|
|0200|105100|CUSCUZEIRA GUINDER 7075|||UN|00||||||
|0220|PCS|1,000|
|0200|105106|BANDEJA C/ALCA GUINDER 7181|||UN|00||||||
|0220|PCS|1,000|
|0200|890340|JG.P/FRIOS 2PCS INOX TRAMOTINA 64510|||UN|00||||||
|0200|890421|LIXEIRA C/SENSOR 6L TRAMONT.94543|||UN|00||||||
|0200|102801|BANDEJA ESPELHO QUAD.ARTE M 206|||UN|00||||||
|0220|PC|1,000|
|0200|105400|COPO MEDIDOR GUINDER 5781|||UN|00||||||
|0220|PCS|1,000|
|0200|660261|JG.4FACAS P/PATE LINEA M.SHOP 30006|||UN|00||||||
|0220|CJ|1,000|
|0200|104200|TACA GIULIA 190ML KABALLA 10266|||UN|00||||||
|0200|104300|TACA GLORIA 400ML KABALLA 10268|||UN|00||||||
|0200|105105|PORTA FRIOS 3PCS GUINDER 7211|||UN|00||||||
|0220|CJS|1,000|
|0200|290153|SEC.COMPACTA SUGGAR SEMI-AUTOMATICA BR|||UN|00||||||
|0200|660181|JARRA PRINCETON 1,35L M.SHOP 30509|||UN|00||||||
|0220|PC|1,000|
|0200|660182|JARRO BAR OVAL M.SHOP 30608|||UN|00||||||
|0220|PC|1,000|
|0200|890500|JG. P/SERVIR OVAL 3PCS 64510184|||UN|00||||||
|0200|106130|BANDEJA DE CAMA BEHLING BC12|||UN|00||||||
|0200|106080|SALADEIRA RASA MADEIRA BEHLING SR03|||UN|00||||||
|0200|890450|LIXEIRA C/PEDAL 12L INOX TRAM.94538/12|||UN|00||||||
|0200|102300|BANDEJA VIDRO TRANSP.QUAD.ARTE P 146|||UN|00||||||
|0220|PC|1,000|
|0200|120030|MINIFORNO MONDIAL FR-02|||UN|00||||||
|0220|PC|1,000|
|0200|890320|CACAROLA FUNDA INOX TRAM. 62654|||UN|00||||||
|0200|890410|CALDEIRAO INOX TRAMONTINA 62655/200|||UN|00||||||
|0200|105080|FRUTEIRA INOX 3 NIVEIS GUINDER 7297|||UN|00||||||
|0220|PCS|1,000|
|0200|890590|PANEL.PRESSAO 4,5L TRAMONT.INOX 62513/223/222|||UN|00||||||
|0200|105101|CESTO P/COZI/FRIT.GUINDER 5873|||UN|00||||||
|0220|PCS|1,000|
|0200|106070|PORTA GELO MADEIRA BEHLING PG01|||UN|00||||||
|0200|106010|BANDEJA GIRAT.MADEIRA BEHLING BG1|||UN|00||||||
|0200|106110|JG.6TABUAS/MART./CARANG.BEHLING TL2|||UN|00||||||
|0200|902286|CACAROLA PORC.C/TP BR GG.FULL 16195|||UN|00||||||
|0220|PC|1,000|
|0200|102072|BANDEJA VIDRO ARTE G BRANCO 80|||UN|00||||||
|0220|PC|1,000|
|0200|102080|BANDEJA 01 TAB. ARTE M 101|||UN|00||||||
|0220|PC|1,000|
|0200|102900|BANDEJA MADEIRA ARTE 311|||UN|00||||||
|0220|PC|1,000|
|0200|104400|CANECO TERMICO C/GEL KABALLA 10100|||UN|00||||||
|0200|105104|JG.POTES INOX 3PCS C/TP GUINDER 68|||UN|00||||||
|0220|CJS|1,000|
|0200|660263|JG.4FACAS P/PATE M.SHOP 60005|||UN|00||||||
|0220|CJ|1,000|
|0200|105102|TELA PROTET.P/FRITURA GUINDER 5897|||UN|00||||||
|0220|PCS|1,000|
|0200|890321|CACAROLA 2ALCAS INOX TRAMONT. 62653|||UN|00||||||
|0200|105200|SUPORTE C/ASSADEIRA GR GUINDER 5576|||UN|00||||||
|0220|PCS|1,000|
|0200|890081|BANDEJA RETANGULAR TRAMONTINA 61529|||UN|00||||||
|0200|660291|JG.P/QUEIJO 4PCS 60006|||UN|00||||||
|0220|CJ|1,000|
|0200|660292|JG.P/QUEIJO 3PCS M.SHOP 660040|||UN|00||||||
|0220|CJ|1,000|
|0200|660332|PORTA GUARDANAPO M SHOP 80001|||UN|00||||||
|0220|PC|1,000|
|0200|890411|ESPAGUET /ESCORR. TRAMONT.3PÇS 62650/70|||UN|00||||||
|0200|102071|BANDEJA VIDRO ARTE M BRANCO 79|||UN|00||||||
|0220|PC|1,000|
|0200|102200|BANDEJA VIDRO PRETO QUAD.ARTE P 143|||UN|00||||||
|0220|PC|1,000|
|0200|102402|BANDEJA VIDRO BRANCO QUAD.ARTE G 151|||UN|00||||||
|0220|PC|1,000|
|0200|102500|BANDEJA VIDR.TRANSP.PLANA.ARTE G 152|||UN|00||||||
|0220|PC|1,000|
|0200|102601|BANDEJA REDONDA VIDRO PRETO.ARTE 178|||UN|00||||||
|0220|PC|1,000|
|0200|102800|BANDEJA ESPELHO QUAD.ARTE G 205|||UN|00||||||
|0220|PC|1,000|
|0200|102804|BANDEJA ESPELHO PLANA ARTE P 210|||UN|00||||||
|0220|PC|1,000|
|0200|105090|JG.FONDUE 23PCS GUINDER 7836|||UN|00||||||
|0220|CJS|1,000|
|0200|660262|JG.4FACAS P/PATE PEROLA M.SHOP 30014|||UN|00||||||
|0220|CJ|1,000|
|0200|660310|COQUETELEIRA 700ML M.SHOP 330607|||UN|00||||||
|0220|PC|1,000|
|0200|660331|RACK PARA VINHO M.SHOP 70305|||UN|00||||||
|0220|PC|1,000|
|0200|030030|REF.BRASTEMP F.FREE 429L BRM48 INOX|||UN|00||||||
|0220|PC|1,000|
|0200|030100|REF.BRASTEMP F.FREE 429L BRM50 INOX|||UN|00||||||
|0220|PC|1,000|
|0200|030103|REF.BRASTEMP F.FREE 429L BRM50 BR|||UN|00||||||
|0220|PC|1,000|
|0200|290340|MIXER SUGGAR MX2022|||UN|00||||||
|0200|900422|RELOGIO PAREDE S/NUMER BR FULL 16557|||UN|00||||||
|0220|PC|1,000|
|0200|901930|TABUA/VIDRO/SORTID.20X30 FULL|||UN|00||||||
|0220|PC|1,000|
|0200|902830|BALDE P/GELO/PINCA FULL 16116|||UN|00||||||
|0220|PC|1,000|
|0200|903400|CANECA HANADEKA BICHO 380ML FULL 350|||UN|00||||||
|0220|PC|1,000|
|0200|030033|REF.BRASTEMP F.FREE 403L BRM48 BR|||UN|00||||||
|0220|PC|1,000|
|0200|031273|FOG.BRASTEMP.ATIVE 5B GRILL BF876 INOX|||UN|00||||||
|0220|PC|1,000|
|0200|900621|PORTA SABONETE GUEIXA FULL. 1666|||UN|00||||||
|0220|PC|1,000|
|0200|902690|TABUA P/CORTE/BAMBU 40X30 FULL 13516|||UN|00||||||
|0220|PC|1,000|
|0200|902810|COFRE/CARRINHO FULL 1546|||UN|00||||||
|0220|PC|1,000|
|0200|903570|JG.JARRA C/6COPOS DANCE FULL 46183|||UN|00||||||
|0220|JG|1,000|
|0200|902400|FRIGID.22CM CABO SILIC.FULL 14887|||UN|00||||||
|0220|PC|1,000|
|0200|902020|ALBUM CASAMENTO ACO FOSCO FULL 17264|||UN|00||||||
|0220|PC|1,000|
|0200|900955|JG.8 ESPETOS P/MILHO FULL.14620|||UN|00||||||
|0220|JG|1,000|
|0200|900081|VENTILADOR P/CHURRASCO FULL 13095|||UN|00||||||
|0220|PC|1,000|
|0200|903192|ESCOVA P/LAV.DECANT.TACAS FULL 16172|||UN|00||||||
|0220|PC|1,000|
|0200|900420|ALBUM ALUM/FOSCO 10X15 FULL 14874|||UN|00||||||
|0220|PC|1,000|
|0200|900362|JG.ROLETA C/COPOS FULL 14567|||UN|00||||||
|0220|PC|1,000|
|0200|901940|TABUA/VIDRO/SORTID.30X40 FULL|||UN|00||||||
|0220|PC|1,000|
|0200|903191|ESCOVA DOBRAV.P/LAV.DECAN.FULL 16171|||UN|00||||||
|0220|PC|1,000|
|0200|902811|COFRE/PORQUINHO FULL 15462|||UN|00||||||
|0220|PC|1,000|
|0200|903140|APARELHO/COZIMENTO/VAPOR FULL 15071|||UN|00||||||
|0220|PC|1,000|
|0200|901531|JG.BANHEIRO INDIO 4PCS FULL 17129|||UN|00||||||
|0220|JG|1,000|
|0200|900341|JG.GARFO/COLHER C/SUP.2PCS FULL 15050|||UN|00||||||
|0220|JG|1,000|
|0200|900691|RELOGIO PORTA/RETRATO FULL 17063|||UN|00||||||
|0220|PC|1,000|
|0200|903573|JG.30TACAS DIANA CRISTAL FULL 56514|||UN|00||||||
|0220|JG|1,000|
|0200|900381|POTE P/KIWI FULL 21046|||UN|00||||||
|0220|PC|1,000|
|0200|903381|CANECA HANADEKA TREVO 260ML FULL 3500|||UN|00||||||
|0220|PC|1,000|
|0200|903571|JG 6COPOS ECO BERN 330ML FULL 47001|||UN|00||||||
|0220|JG|1,000|
|0200|903572|JG 18TAÇAS CHARME 56272|||UN|00||||||
|0220|JG|1,000|
|0200|102802|BANDEJA ESPELHO QUAD.ARTE P 207|||UN|00||||||
|0220|PC|1,000|
|0200|900521|JG.P/QUEIJO INOX 4PCS FULL.16442|||UN|00||||||
|0220|JG|1,000|
|0200|031283|FOG.BRAST.ATIVE GRIL EMB.5B BY876INOX|||UN|00||||||
|0220|PC|1,000|
|0200|900491|MORINGA PORCEL. 700ML VAN FULL.171|||UN|00||||||
|0220|PC|1,000|
|0200|900452|TABUA VIDRO FOLHA BANAN. FULL.16254|||UN|00||||||
|0220|PC|1,000|
|0200|102090|BANDEJA TABACO ARTE 116/117|||UN|00||||||
|0220|PC|1,000|
|0200|102201|BANDEJA VIDRO PRETO QUAD.ARTE M 144|||UN|00||||||
|0220|PC|1,000|
|0200|102081|BANDEJA 01 TAB. ARTE P 102|||UN|00||||||
|0220|PC|1,000|
|0200|102700|BANDEJA MADEIRA TABACO ARTE 187|||UN|00||||||
|0220|PC|1,000|
|0200|890501|JG. P/SERVIR REDONDO 3PCS 64510174|||UN|00||||||
|0200|102501|BANDEJA VIDR.TRANSP.PLANA.ARTE M 153|||UN|00||||||
|0220|PC|1,000|
|0200|102301|BANDEJA VIDRO TRANSP.QUAD.ARTE M 147|||UN|00||||||
|0220|PC|1,000|
|0200|102202|BANDEJA VIDRO PRETO QUAD.ARTE G 145|||UN|00||||||
|0220|PC|1,000|
|0200|102502|BANDEJA VIDR.TRANSP.PLANA.ARTE P 154|||UN|00||||||
|0220|PC|1,000|
|0200|903390|CANECA HANADEKA 410ML FULL 3500|||UN|00||||||
|0220|PC|1,000|
|0200|102101|BANDEJA TABACO QUAD. ARTE M 131|||UN|00||||||
|0220|PC|1,000|
|0200|102803|BANDEJA ESPELHO PLANA ARTE G 208|||UN|00||||||
|0220|PC|1,000|
|0200|903480|COOLER P/LATINHA VD/AM FULL 1657|||UN|00||||||
|0220|PC|1,000|
|0200|180233|F.MIC.PANASONIC PICCOLO NN-ST359|||UN|00||||||
|0220|PEC|1,000|
|0200|102070|BANDEJA VIDRO ARTE P BRANCO 78|||UN|00||||||
|0220|PC|1,000|
|0200|901611|SOUPLAT DECORADO 33CM FULL 16176|||UN|00||||||
|0220|PC|1,000|
|0200|120180|VENTILADOR 30CM MONDIAL V-32|||UN|00||||||
|0220|PC|1,000|
|0200|102400|BNADEJA VIDRO BRANCO QUAD ARTE P 149|||UN|00||||||
|0220|PC|1,000|
|0200|102600|BANDEJA REDONDA TRANSP ARTE 177|||UN|00||||||
|0220|PC|1,000|
|0200|102100|BANDEJA TABACO QUAD ARTE P 130|||UN|00||||||
|0220|PC|1,000|
|0200|102401|BANDEJA VIDRO BRANCO QUAD ARTE M 150|||UN|00||||||
|0220|PC|1,000|
|0200|0000000000081|BAND. VIDRO P PRETO|||PC|00||||||
|0200|0000000000082|BAND. VIDRO M PRETO|||PC|00||||||
|0200|0000000000083|BAND. VIDRO G PRETO|||PC|00||||||
|0500|28022011|01|A|1|116010001|MATERIAIS DE REVENDA|
|0990|902|
|C001|0|
|C100|0|1|800006977|01|00|1|0003998||14032011|14032011|858,28|0|||858,28|9||||0|0||||||||
|C170|1|180880||1,00000|UN|858,28||0|000|1949|||||0||0|||||||01|858,28||||0|01|858,28||||0||
|C190|000|1949||858,28|0|0|0|0|0|0||
|C100|0|1|800006977|01|00|1|0004289||14032011|14032011|225,00|0|||225,00|9||||0|0||||||||
|C170|1|180500||1,00000|UN|225,00||0|000|1949|||||0||0|||||||01|225,00||||0|01|225,00||||0||
|C190|000|1949||225,00|0|0|0|0|0|0||
|C100|0|1|800006977|01|00|1|0005652||14032011|14032011|132,00|0|||132,00|9||||0|0||||||||
|C170|1|200460||1,00000|UN|132,00||0|000|1949|||||0||0|||||||01|132,00||||0|01|132,00||||0||
|C190|000|1949||132,00|0|0|0|0|0|0||
|C100|0|1|800006977|01|00|1|0005777||14032011|14032011|1131,40|0|||1131,40|9||||0|0||||||||
|C170|1|200330||1,00000|UN|232,78||0|000|1949|||||0||0|||||||01|232,78||||0|01|232,78||||0||
|C170|2|200360||3,00000|UN|396,00||0|000|1949|||||0||0|||||||01|396,00||||0|01|396,00||||0||
|C170|3|200480||1,00000|UN|109,10||0|000|1949|||||0||0|||||||01|109,10||||0|01|109,10||||0||
|C170|4|200370||2,00000|UN|393,52||0|000|1949|||||0||0|||||||01|393,52||||0|01|393,52||||0||
|C190|000|1949||1131,40|0|0|0|0|0|0||
|C100|0|0|800006977|01|00|U|0068840||02032011|02032011|349,00|0|||349,00|9||||349,00|59,33||||||||
|C170|1|180600||1,00000|UN|349,00||0|000|1202||349,00|17,00|59,33|0||0|||||||50|349,00|0,65|||2,27|50|349,00|3,00|||10,47||
|C190|000|1202|17,00|349,00|349,00|59,33|0|0|0|0||
|C100|0|0|800006977|01|00|U|0068842||02032011|02032011|109,00|0|||109,00|9||||109,00|18,53||||||||
|C170|1|521080||1,00000|UN|109,00||0|000|1202||109,00|17,00|18,53|0||0|||||||50|109,00|0,65|||0,71|50|109,00|3,00|||3,27||
|C190|000|1202|17,00|109,00|109,00|18,53|0|0|0|0||
|C100|0|0|800006977|01|00|U|0068843||03032011|03032011|450,00|0|||450,00|9||||450,00|76,50||||||||
|C170|1|040173||1,00000|UN|450,00||0|000|1202||450,00|17,00|76,50|0||0|||||||50|450,00|0,65|||2,93|50|50,00|3,00|||1,50||
|C190|000|1202|17,00|450,00|450,00|76,50|0|0|0|0||
|C100|0|0|800006977|01|00|U|0068852||04032011|04032011|159,00|0|||159,00|9||||159,00|27,03||||||||
|C170|1|680900||1,00000|UN|159,00||0|000|1202||159,00|17,00|27,03|0||0|||||||50|159,00|0,65|||1,03|50|159,00|3,00|||4,77||
|C190|000|1202|17,00|159,00|159,00|27,03|0|0|0|0||
|C100|0|0|800006977|01|00|U|0068853||09032011|09032011|1198,00|0|||1198,00|9||||1198,00|203,66||||||||
|C170|1|030433||1,00000|UN|799,00||0|000|1202||799,00|17,00|135,83|0||0|||||||50|799,00|0,65|||5,19|50|799,00|3,00|||23,97||
|C170|2|180203||1,00000|UN|399,00||0|000|1202||399,00|17,00|67,83|0||0|||||||50|399,00|0,65|||2,59|50|399,00|3,00|||11,97||
|C190|000|1202|17,00|1198,00|1198,00|203,66|0|0|0|0||
|C100|0|0|800006977|01|00|U|0068864||12032011|12032011|1250,00|0|||1250,00|9||||1250,00|212,50||||||||
|C170|1|030300||1,00000|UN|1250,00||0|000|1202||1250,00|17,00|212,50|0||0|||||||50|1250,00|0,65|||8,13|50|1250,00|3,00|||37,50||
|C190|000|1202|17,00|1250,00|1250,00|212,50|0|0|0|0||
|C100|0|0|800006977|01|00|U|0068865||12032011|12032011|360,00|0|||360,00|9||||360,00|61,20||||||||
|C170|1|031240||1,00000|UN|123,00||0|000|1202||123,00|17,00|20,91|0||0|||||||50|123,00|0,65|||0,80|50|123,00|3,00|||3,69||
|C170|2|200380||1,00000|UN|237,00||0|000|1202||237,00|17,00|40,29|0||0|||||||50|237,00|0,65|||1,54|50|237,00|3,00|||7,11||
|C190|000|1202|17,00|360,00|360,00|61,20|0|0|0|0||
|C100|0|0|800006977|01|00|U|0068867||14032011|14032011|247,00|0|||247,00|9||||247,00|41,99||||||||
|C170|1|031240||1,00000|UN|123,00||0|000|1202||123,00|17,00|20,91|0||0|||||||50|123,00|0,65|||0,80|50|123,00|3,00|||3,69||
|C170|2|090320||1,00000|UN|124,00||0|000|1202||124,00|17,00|21,08|0||0|||||||50|124,00|0,65|||0,81|50|124,00|3,00|||3,72||
|C190|000|1202|17,00|247,00|247,00|41,99|0|0|0|0||
|C100|0|0|800006977|01|00|U|0068869||14032011|14032011|89,00|0|||89,00|9||||89,00|15,13||||||||
|C170|1|680310||1,00000|UN|89,00||0|000|1202||89,00|17,00|15,13|0||0|||||||50|89,00|0,65|||0,58|50|89,00|3,00|||2,67||
|C190|000|1202|17,00|89,00|89,00|15,13|0|0|0|0||
|C100|0|0|800006977|01|00|U|0068875||16032011|16032011|69,00|0|||69,00|9||||69,00|11,73||||||||
|C170|1|910782||1,00000|UN|69,00||0|000|1202||69,00|17,00|11,73|0||0|||||||50|69,00|0,65|||0,45|50|69,00|3,00|||2,07||
|C190|000|1202|17,00|69,00|69,00|11,73|0|0|0|0||
|C100|0|0|800006977|01|00|U|0068891||17032011|17032011|495,00|0|||495,00|9||||495,00|84,15||||||||
|C170|1|030363||1,00000|UN|495,00||0|000|1202||495,00|17,00|84,15|0||0|||||||50|495,00|0,65|||3,22|50|495,00|3,00|||14,85||
|C190|000|1202|17,00|495,00|495,00|84,15|0|0|0|0||
|C100|0|0|800006977|01|00|U|0068899||22032011|22032011|329,00|0|||329,00|9||||329,00|55,93||||||||
|C170|1|180253||1,00000|UN|329,00||0|000|1202||329,00|17,00|55,93|0||0|||||||50|329,00|0,65|||2,14|50|329,00|3,00|||9,87||
|C190|000|1202|17,00|329,00|329,00|55,93|0|0|0|0||
|C100|0|0|800006977|01|00|U|0068910||23032011|23032011|294,00|0|||294,00|9||||294,00|49,98||||||||
|C170|1|500081||3,00000|UN|147,00||0|000|1202||147,00|17,00|24,99|0||0|||||||50|147,00|0,65|||0,96|50|147,00|3,00|||4,41||
|C170|2|500082||3,00000|UN|147,00||0|000|1202||147,00|17,00|24,99|0||0|||||||50|147,00|0,65|||0,96|50|147,00|3,00|||4,41||
|C190|000|1202|17,00|294,00|294,00|49,98|0|0|0|0||
|C100|0|0|800006977|01|00|U|0068911||23032011|23032011|257,00|0|||257,00|9||||257,00|43,69||||||||
|C170|1|031240||1,00000|UN|257,00||0|000|1202||257,00|17,00|43,69|0||0|||||||50|257,00|0,65|||1,67|50|257,00|3,00|||7,71||
|C190|000|1202|17,00|257,00|257,00|43,69|0|0|0|0||
|C100|0|0|800006977|01|00|U|0068915||24032011|24032011|238,00|0|||238,00|9||||238,00|40,46||||||||
|C170|1|090250||1,00000|UN|119,00||0|000|1202||119,00|17,00|20,23|0||0|||||||50|119,00|0,65|||0,77|50|119,00|3,00|||3,57||
|C170|2|290200||1,00000|UN|119,00||0|000|1202||119,00|17,00|20,23|0||0|||||||50|119,00|0,65|||0,77|50|119,00|3,00|||3,57||
|C190|000|1202|17,00|238,00|238,00|40,46|0|0|0|0||
|C100|0|0|800006977|01|00|U|0068923||28032011|28032011|2750,00|0|||2750,00|9||||2750,00|467,50||||||||
|C170|1|030880||1,00000|UN|2750,00||0|000|1202||2750,00|17,00|467,50|0||0|||||||50|2750,00|0,65|||17,88|50|2750,00|3,00|||82,50||
|C190|000|1202|17,00|2750,00|2750,00|467,50|0|0|0|0||
|C100|0|0|800006977|01|00|U|0068925||29032011|29032011|595,00|0|||595,00|9||||595,00|101,15||||||||
|C170|1|090010||1,00000|UN|99,00||0|000|1202||99,00|17,00|16,83|0||0|||||||50|99,00|0,65|||0,64|50|99,00|3,00|||2,97||
|C170|2|180263||1,00000|UN|279,00||0|000|1202||279,00|17,00|47,43|0||0|||||||50|279,00|0,65|||1,81|50|279,00|3,00|||8,37||
|C170|3|901160||1,00000|UN|79,00||0|000|1202||79,00|17,00|13,43|0||0|||||||50|79,00|0,65|||0,51|50|79,00|3,00|||2,37||
|C170|4|910781||1,00000|UN|69,00||0|000|1202||69,00|17,00|11,73|0||0|||||||50|69,00|0,65|||0,45|50|69,00|3,00|||2,07||
|C170|5|910782||1,00000|UN|69,00||0|000|1202||69,00|17,00|11,73|0||0|||||||50|69,00|0,65|||0,45|50|69,00|3,00|||2,07||
|C190|000|1202|17,00|595,00|595,00|101,15|0|0|0|0||
|C100|0|0|800006977|01|00|U|0068928||30032011|30032011|49,00|0|||49,00|9||||49,00|8,33||||||||
|C170|1|910900||1,00000|UN|49,00||0|000|1202||49,00|17,00|8,33|0||0|||||||50|49,00|0,65|||0,32|50|49,00|3,00|||1,47||
|C190|000|1202|17,00|49,00|49,00|8,33|0|0|0|0||
|C100|0|0|800006977|01|00|U|0068929||30032011|30032011|289,00|0|||289,00|9||||289,00|49,13||||||||
|C170|1|501110||1,00000|UN|289,00||0|000|1202||289,00|17,00|49,13|0||0|||||||50|289,00|0,65|||1,88|50|289,00|3,00|||8,67||
|C190|000|1202|17,00|289,00|289,00|49,13|0|0|0|0||
|C100|0|0|800006977|01|00|U|0068860||11032011|11032011|5097,00|0|||5097,00|9||||5097,00|866,49||||||||
|C170|1|030073||1,00000|UN|2399,00||0|000|1202||2399,00|17,00|407,83|0||0|||||||50|2399,00|0,65|||15,59|50|2399,00|3,00|||71,97||
|C170|2|030143||1,00000|UN|1899,00||0|000|1202||1899,00|17,00|322,83|0||0|||||||50|1899,00|0,65|||12,34|50|1899,00|3,00|||56,97||
|C170|3|030433||1,00000|UN|799,00||0|000|1202||799,00|17,00|135,83|0||0|||||||50|799,00|0,65|||5,19|50|799,00|3,00|||23,97||
|C190|000|1202|17,00|5097,00|5097,00|866,49|0|0|0|0||
|C100|1|0|800007052|01|00|U|0068850||04032011|04032011|999,00|0|||999,00|9||||0|0||||||||
|C170|1|040173||1,00000|UN|999,00||0|041|5949|||||0||0|||||||99||||||99|||||||
|C190|041|5949||999,00|0|0|0|0|0|0||
|C100|1|0|800007044|01|00|U|0068924||29032011|29032011|219,00|0|||219,00|9||||0|0||||||||
|C170|1|200360||1,00000|UN|219,00||0|041|5949|||||0||0|||||||99||||||99|||||||
|C190|041|5949||219,00|0|0|0|0|0|0||
|C100|1|0|800007033|01|00|U|0068872||15032011|15032011|379,00|0|||379,00|9||||0|0||||||||
|C170|1|100210||1,00000|UN|379,00||0|041|5949|||||0||0|||||||99||||||99|||||||
|C190|041|5949||379,00|0|0|0|0|0|0||
|C100|1|0|5694|01|00|U|0068859||11032011|11032011|1340,00|0|||1340,00|9||||0|0||||||||
|C170|1|040103||1,00000|UN|1340,00||0|041|5949|||||0||0|||||||99||||||99|||||||
|C190|041|5949||1340,00|0|0|0|0|0|0||
|C100|1|0|800009987|01|00|U|0068868||14032011|14032011|4749,00|0|||4749,00|9||||0|0||||||||
|C170|1|030700||1,00000|UN|4749,00||0|041|5949|||||0||0|||||||99||||||99|||||||
|C190|041|5949||4749,00|0|0|0|0|0|0||
|C100|1|0|800007050|01|00|U|0068877||16032011|16032011|1659,00|0|||1659,00|9||||0|0||||||||
|C170|1|030253||1,00000|UN|1659,00||0|041|5949|||||0||0|||||||99||||||99|||||||
|C190|041|5949||1659,00|0|0|0|0|0|0||
|C100|1|0|800007053|01|00|U|0068897||22032011|22032011|126,00|0|||126,00|9||||0|0||||||||
|C170|1|290300||1,00000|UN|126,00||0|041|5949|||||0||0|||||||99||||||99|||||||
|C190|041|5949||126,00|0|0|0|0|0|0||
|C100|1|0|800007054|01|00|U|0068930||30032011|30032011|125,00|0|||125,00|9||||0|0||||||||
|C170|1|290230||1,00000|UN|125,00||0|041|5949|||||0||0|||||||99||||||99|||||||
|C190|041|5949||125,00|0|0|0|0|0|0||
|C100|1|0|800007055|01|00|U|0068892||21032011|21032011|349,00|0|||349,00|9||||0|0||||||||
|C170|1|180540||1,00000|UN|349,00||0|041|5949|||||0||0|||||||99||||||99|||||||
|C190|041|5949||349,00|0|0|0|0|0|0||
|C100|1|0|800007056|01|00|U|0068856||10032011|10032011|290,00|0|||290,00|9||||0|0||||||||
|C170|1|180260||1,00000|UN|290,00||0|041|5949|||||0||0|||||||99||||||99|||||||
|C190|041|5949||290,00|0|0|0|0|0|0||
|C100|1|0|800008026|01|00|U|0068893||22032011|22032011|6889,09|0|||6889,09|9||||6889,09|1171,15||||||||
|C170|1|031100||2,00000|UN|635,10||0|000|5152||635,10|17,00|107,97|0||0|||||||01|635,10|0,65|||4,13|01|635,10|3,00|||19,05||
|C170|2|031240||5,00000|UN|783,25||0|000|5152||783,25|17,00|133,15|0||0|||||||01|783,25|0,65|||5,09|01|783,25|3,00|||23,50||
|C170|3|100210||10,00000|UN|2324,70||0|000|5152||2324,70|17,00|395,20|0||0|||||||01|2324,70|0,65|||15,11|01|2324,70|3,00|||69,74||
|C170|4|120080||10,00000|UN|854,90||0|000|5152||854,90|17,00|145,33|0||0|||||||01|854,90|0,65|||5,56|01|854,90|3,00|||25,65||
|C170|5|120090||20,00000|UN|847,00||0|000|5152||847,00|17,00|143,99|0||0|||||||01|847,00|0,65|||5,51|01|847,00|3,00|||25,41||
|C170|6|090240||12,00000|UN|419,16||0|000|5152||419,16|17,00|71,26|0||0|||||||01|419,16|0,65|||2,72|01|419,16|3,00|||12,57||
|C170|7|180320||10,00000|UN|239,30||0|000|5152||239,30|17,00|40,68|0||0|||||||01|239,30|0,65|||1,56|01|239,30|3,00|||7,18||
|C170|8|290300||3,00000|UN|230,70||0|000|5152||230,70|17,00|39,22|0||0|||||||01|230,70|0,65|||1,50|01|230,70|3,00|||6,92||
|C170|9|250520||1,00000|UN|554,98||0|000|5152||554,98|17,00|94,35|0||0|||||||01|554,98|0,65|||3,61|01|554,98|3,00|||16,65||
|C190|000|5152|17,00|6889,09|6889,09|1171,15|0|0|0|0||
|C100|1|0|800008026|01|00|U|0068894||22032011|22032011|6396,41|0|||6396,41|9||||6396,41|1087,39||||||||
|C170|1|030303||1,00000|UN|1159,95||0|000|5152||1159,95|17,00|197,19|0||0|||||||01|1159,95|0,65|||7,54|01|1159,95|3,00|||34,80||
|C170|2|030940||1,00000|UN|993,60||0|000|5152||993,60|17,00|168,91|0||0|||||||01|993,60|0,65|||6,46|01|993,60|3,00|||29,81||
|C170|3|200360||10,00000|UN|1320,00||0|000|5152||1320,00|17,00|224,40|0||0|||||||01|1320,00|0,65|||8,58|01|1320,00|3,00|||39,60||
|C170|4|040360||2,00000|UN|482,02||0|000|5152||482,02|17,00|81,94|0||0|||||||01|482,02|0,65|||3,13|01|482,02|3,00|||14,46||
|C170|5|040560||6,00000|UN|1019,16||0|000|5152||1019,16|17,00|173,26|0||0|||||||01|1019,16|0,65|||6,62|01|1019,16|3,00|||30,57||
|C170|6|040123||2,00000|UN|912,34||0|000|5152||912,34|17,00|155,10|0||0|||||||01|912,34|0,65|||5,93|01|912,34|3,00|||27,37||
|C170|7|290200||6,00000|UN|365,94||0|000|5152||365,94|17,00|62,21|0||0|||||||01|365,94|0,65|||2,38|01|365,94|3,00|||10,98||
|C170|8|290280||2,00000|UN|143,40||0|000|5152||143,40|17,00|24,38|0||0|||||||01|143,40|0,65|||0,93|01|143,40|3,00|||4,30||
|C190|000|5152|17,00|6396,41|6396,41|1087,39|0|0|0|0||
|C100|1|0|800008026|01|00|U|0068835||01032011|01032011|3120,83|0|||3120,83|9||||3120,83|530,54||||||||
|C170|1|120170||1,00000|UN|182,57||0|000|5152||182,57|17,00|31,04|0||0|||||||01|182,57|0,65|||1,19|01|182,57|3,00|||5,48||
|C170|2|180770||3,00000|UN|2379,00||0|000|5152||2379,00|17,00|404,43|0||0|||||||01|2379,00|0,65|||15,46|01|2379,00|3,00|||71,37||
|C170|3|290210||3,00000|UN|559,26||0|000|5152||559,26|17,00|95,07|0||0|||||||01|559,26|0,65|||3,64|01|559,26|3,00|||16,78||
|C190|000|5152|17,00|3120,83|3120,83|530,54|0|0|0|0||
|C100|1|0|800008026|01|00|U|0068836||01032011|01032011|21,95|0|||21,95|9||||21,95|3,73||||||||
|C170|1|680940||1,00000|UN|21,95||0|000|5152||21,95|17,00|3,73|0||0|||||||01|21,95|0,65|||0,14|01|21,95|3,00|||0,66||
|C190|000|5152|17,00|21,95|21,95|3,73|0|0|0|0||
|C100|1|0|800008026|01|00|U|0068837||01032011|01032011|392,45|0|||392,45|9||||392,45|66,72||||||||
|C170|1|040453||1,00000|UN|392,45||0|000|5152||392,45|17,00|66,72|0||0|||||||01|392,45|0,65|||2,55|01|392,45|3,00|||11,77||
|C190|000|5152|17,00|392,45|392,45|66,72|0|0|0|0||
|C100|1|0|800008026|01|00|U|0068838||01032011|01032011|481,76|0|||481,76|9||||481,76|81,90||||||||
|C170|1|030433||1,00000|UN|481,76||0|000|5152||481,76|17,00|81,90|0||0|||||||01|481,76|0,65|||3,13|01|481,76|3,00|||14,45||
|C190|000|5152|17,00|481,76|481,76|81,90|0|0|0|0||
|C100|1|0|800008026|01|00|U|0068849||04032011|04032011|10619,79|0|||10619,79|9||||10619,79|1805,36||||||||
|C170|1|031240||5,00000|UN|783,25||0|000|5152||783,25|17,00|133,15|0||0|||||||01|783,25|0,65|||5,09|01|783,25|3,00|||23,50||
|C170|2|040540||1,00000|UN|1100,61||0|000|5152||1100,61|17,00|187,10|0||0|||||||01|1100,61|0,65|||7,15|01|1100,61|3,00|||33,02||
|C170|3|040570||3,00000|UN|349,02||0|000|5152||349,02|17,00|59,33|0||0|||||||01|349,02|0,65|||2,27|01|349,02|3,00|||10,47||
|C170|4|100210||10,00000|UN|2324,70||0|000|5152||2324,70|17,00|395,20|0||0|||||||01|2324,70|0,65|||15,11|01|2324,70|3,00|||69,74||
|C170|5|100220||4,00000|UN|956,08||0|000|5152||956,08|17,00|162,53|0||0|||||||01|956,08|0,65|||6,21|01|956,08|3,00|||28,68||
|C170|6|100200||6,00000|UN|1489,86||0|000|5152||1489,86|17,00|253,28|0||0|||||||01|1489,86|0,65|||9,68|01|1489,86|3,00|||44,70||
|C170|7|180253||6,00000|UN|1116,12||0|000|5152||1116,12|17,00|189,74|0||0|||||||01|1116,12|0,65|||7,25|01|1116,12|3,00|||33,48||
|C170|8|120050||3,00000|UN|309,00||0|000|5152||309,00|17,00|52,53|0||0|||||||01|309,00|0,65|||2,01|01|309,00|3,00|||9,27||
|C170|9|180260||5,00000|UN|850,15||0|000|5152||850,15|17,00|144,53|0||0|||||||01|850,15|0,65|||5,53|01|850,15|3,00|||25,50||
|C170|10|180243||4,00000|UN|1341,00||0|000|5152||1341,00|17,00|227,97|0||0|||||||01|1341,00|0,65|||8,72|01|1341,00|3,00|||40,23||
|C190|000|5152|17,00|10619,79|10619,79|1805,36|0|0|0|0||
|C100|1|0|800008026|01|00|U|0068851||04032011|04032011|481,76|0|||481,76|9||||481,76|81,90||||||||
|C170|1|030433||1,00000|UN|481,76||0|000|5152||481,76|17,00|81,90|0||0|||||||01|481,76|0,65|||3,13|01|481,76|3,00|||14,45||
|C190|000|5152|17,00|481,76|481,76|81,90|0|0|0|0||
|C100|1|0|800008026|01|00|U|0068854||10032011|10032011|1587,75|0|||1587,75|9||||1587,75|269,92||||||||
|C170|1|031100||5,00000|UN|1587,75||0|000|5152||1587,75|17,00|269,92|0||0|||||||01|1587,75|0,65|||10,32|01|1587,75|3,00|||47,63||
|C190|000|5152|17,00|1587,75|1587,75|269,92|0|0|0|0||
|C100|1|0|800008026|01|00|U|0068857||10032011|10032011|68,22|0|||68,22|9||||68,22|11,60||||||||
|C170|1|970280||1,00000|UN|68,22||0|000|5152||68,22|17,00|11,60|0||0|||||||01|68,22|0,65|||0,44|01|68,22|3,00|||2,05||
|C190|000|5152|17,00|68,22|68,22|11,60|0|0|0|0||
|C100|1|0|800008026|01|00|U|0068858||11032011|11032011|242,00|0|||242,00|9||||0|0||||||||
|C170|1|180870||1,00000|UN|242,00||0|041|5152|||||0||0|||||||01|242,00|0,65|||1,57|01|242,00|3,00|||7,26||
|C190|041|5152||242,00|0|0|0|0|0|0||
|C100|1|0|800008026|01|00|U|0068861||11032011|11032011|1756,54|0|||1756,54|9||||1756,54|298,61||||||||
|C170|1|030880||1,00000|UN|1756,54||0|000|5152||1756,54|17,00|298,61|0||0|||||||01|1756,54|0,65|||11,42|01|1756,54|3,00|||52,70||
|C190|000|5152|17,00|1756,54|1756,54|298,61|0|0|0|0||
|C100|1|0|800008026|01|00|U|0068863||12032011|12032011|6594,60|0|||6594,60|9||||6594,60|1121,08||||||||
|C170|1|040460||2,00000|UN|398,20||0|000|5152||398,20|17,00|67,69|0||0|||||||01|398,20|0,65|||2,59|01|398,20|3,00|||11,95||
|C170|2|120080||10,00000|UN|854,90||0|000|5152||854,90|17,00|145,33|0||0|||||||01|854,90|0,65|||5,56|01|854,90|3,00|||25,65||
|C170|3|290053||3,00000|UN|354,15||0|000|5152||354,15|17,00|60,21|0||0|||||||01|354,15|0,65|||2,30|01|354,15|3,00|||10,62||
|C170|4|180350||2,00000|UN|407,96||0|000|5152||407,96|17,00|69,35|0||0|||||||01|407,96|0,65|||2,65|01|407,96|3,00|||12,24||
|C170|5|270010||5,00000|UN|1763,75||0|000|5152||1763,75|17,00|299,84|0||0|||||||01|1763,75|0,65|||11,46|01|1763,75|3,00|||52,91||
|C170|6|180770||3,00000|UN|2379,00||0|000|5152||2379,00|17,00|404,43|0||0|||||||01|2379,00|0,65|||15,46|01|2379,00|3,00|||71,37||
|C170|7|330050||16,00000|UN|436,64||0|000|5152||436,64|17,00|74,23|0||0|||||||01|436,64|0,65|||2,84|01|436,64|3,00|||13,10||
|C190|000|5152|17,00|6594,60|6594,60|1121,08|0|0|0|0||
|C100|1|0|800008026|01|00|U|0068866||14032011|14032011|466,97|0|||466,97|9||||466,97|79,38||||||||
|C170|1|040133||1,00000|UN|466,97||0|000|5152||466,97|17,00|79,38|0||0|||||||01|466,97|0,65|||3,04|01|466,97|3,00|||14,01||
|C190|000|5152|17,00|466,97|466,97|79,38|0|0|0|0||
|C100|1|0|800008026|01|00|U|0068870||15032011|15032011|4058,98|0|||4058,98|9||||4058,98|690,03||||||||
|C170|1|040173||1,00000|UN|619,32||0|000|5152||619,32|17,00|105,28|0||0|||||||01|619,32|0,65|||4,03|01|619,32|3,00|||18,58||
|C170|2|180260||5,00000|UN|850,15||0|000|5152||850,15|17,00|144,53|0||0|||||||01|850,15|0,65|||5,53|01|850,15|3,00|||25,50||
|C170|3|290260||3,00000|UN|79,26||0|000|5152||79,26|17,00|13,47|0||0|||||||01|79,26|0,65|||0,52|01|79,26|3,00|||2,38||
|C170|4|270010||3,00000|UN|1058,25||0|000|5152||1058,25|17,00|179,90|0||0|||||||01|1058,25|0,65|||6,88|01|1058,25|3,00|||31,75||
|C170|5|180263||10,00000|UN|1452,00||0|000|5152||1452,00|17,00|246,84|0||0|||||||01|1452,00|0,65|||9,44|01|1452,00|3,00|||43,56||
|C190|000|5152|17,00|4058,98|4058,98|690,03|0|0|0|0||
|C100|1|0|800008026|01|00|U|0068873||16032011|16032011|1556,86|0|||1556,86|9||||1556,86|264,67||||||||
|C170|1|180380||3,00000|UN|957,78||0|000|5152||957,78|17,00|162,82|0||0|||||||01|957,78|0,65|||6,23|01|957,78|3,00|||28,73||
|C170|2|290060||4,00000|UN|599,08||0|000|5152||599,08|17,00|101,84|0||0|||||||01|599,08|0,65|||3,89|01|599,08|3,00|||17,97||
|C190|000|5152|17,00|1556,86|1556,86|264,67|0|0|0|0||
|C100|1|0|800008026|01|00|U|0068874||16032011|16032011|1197,49|0|||1197,49|9||||1197,49|203,57||||||||
|C170|1|030363||1,00000|UN|629,92||0|000|5152||629,92|17,00|107,09|0||0|||||||01|629,92|0,65|||4,09|01|629,92|3,00|||18,90||
|C170|2|100200||1,00000|UN|248,31||0|000|5152||248,31|17,00|42,21|0||0|||||||01|248,31|0,65|||1,61|01|248,31|3,00|||7,45||
|C170|3|180180||1,00000|UN|319,26||0|000|5152||319,26|17,00|54,27|0||0|||||||01|319,26|0,65|||2,08|01|319,26|3,00|||9,58||
|C190|000|5152|17,00|1197,49|1197,49|203,57|0|0|0|0||
|C100|1|0|800008026|01|00|U|0068878||16032011|16032011|1127,18|0|||1127,18|9||||1127,18|191,62||||||||
|C170|1|030143||1,00000|UN|1127,18||0|000|5152||1127,18|17,00|191,62|0||0|||||||01|1127,18|0,65|||7,33|01|1127,18|3,00|||33,82||
|C190|000|5152|17,00|1127,18|1127,18|191,62|0|0|0|0||
|C100|1|0|800008026|01|00|U|0068879||16032011|16032011|528,17|0|||528,17|9||||528,17|89,79||||||||
|C170|1|900011||1,00000|UN|35,91||0|000|5152||35,91|17,00|6,10|0||0|||||||01|35,91|0,65|||0,23|01|35,91|3,00|||1,08||
|C170|2|900012||1,00000|UN|27,80||0|000|5152||27,80|17,00|4,73|0||0|||||||01|27,80|0,65|||0,18|01|27,80|3,00|||0,83||
|C170|3|900014||2,00000|UN|17,82||0|000|5152||17,82|17,00|3,03|0||0|||||||01|17,82|0,65|||0,12|01|17,82|3,00|||0,53||
|C170|4|900015||2,00000|UN|8,60||0|000|5152||8,60|17,00|1,46|0||0|||||||01|8,60|0,65|||0,06|01|8,60|3,00|||0,26||
|C170|5|900016||2,00000|UN|15,56||0|000|5152||15,56|17,00|2,65|0||0|||||||01|15,56|0,65|||0,10|01|15,56|3,00|||0,47||
|C170|6|900021||1,00000|UN|95,20||0|000|5152||95,20|17,00|16,18|0||0|||||||01|95,20|0,65|||0,62|01|95,20|3,00|||2,86||
|C170|7|902200||1,00000|UN|10,41||0|000|5152||10,41|17,00|1,77|0||0|||||||01|10,41|0,65|||0,07|01|10,41|3,00|||0,31||
|C170|8|900950||3,00000|UN|19,74||0|000|5152||19,74|17,00|3,36|0||0|||||||01|19,74|0,65|||0,13|01|19,74|3,00|||0,59||
|C170|9|900100||2,00000|UN|60,42||0|000|5152||60,42|17,00|10,27|0||0|||||||01|60,42|0,65|||0,39|01|60,42|3,00|||1,81||
|C170|10|900750||1,00000|UN|134,16||0|000|5152||134,16|17,00|22,81|0||0|||||||01|134,16|0,65|||0,87|01|134,16|3,00|||4,02||
|C170|11|900921||1,00000|UN|11,82||0|000|5152||11,82|17,00|2,01|0||0|||||||01|11,82|0,65|||0,08|01|11,82|3,00|||0,35||
|C170|12|900710||1,00000|UN|14,92||0|000|5152||14,92|17,00|2,54|0||0|||||||01|14,92|0,65|||0,10|01|14,92|3,00|||0,45||
|C170|13|900922||1,00000|UN|17,78||0|000|5152||17,78|17,00|3,02|0||0|||||||01|17,78|0,65|||0,12|01|17,78|3,00|||0,53||
|C170|14|900600||2,00000|UN|50,10||0|000|5152||50,10|17,00|8,52|0||0|||||||01|50,10|0,65|||0,33|01|50,10|3,00|||1,50||
|C170|15|903070||1,00000|UN|7,93||0|000|5152||7,93|17,00|1,35|0||0|||||||01|7,93|0,65|||0,05|01|7,93|3,00|||0,24||
|C190|000|5152|17,00|528,17|528,17|89,79|0|0|0|0||
|C100|1|0|800008026|01|00|U|0068880||16032011|16032011|838,89|0|||838,89|9||||838,89|142,61||||||||
|C170|1|900022||1,00000|UN|116,92||0|000|5152||116,92|17,00|19,88|0||0|||||||01|116,92|0,65|||0,76|01|116,92|3,00|||3,51||
|C170|2|900023||2,00000|UN|28,38||0|000|5152||28,38|17,00|4,82|0||0|||||||01|28,38|0,65|||0,18|01|28,38|3,00|||0,85||
|C170|3|900201||6,00000|UN|39,36||0|000|5152||39,36|17,00|6,69|0||0|||||||01|39,36|0,65|||0,26|01|39,36|3,00|||1,18||
|C170|4|900282||2,00000|UN|13,42||0|000|5152||13,42|17,00|2,28|0||0|||||||01|13,42|0,65|||0,09|01|13,42|3,00|||0,40||
|C170|5|900283||2,00000|UN|20,86||0|000|5152||20,86|17,00|3,55|0||0|||||||01|20,86|0,65|||0,14|01|20,86|3,00|||0,63||
|C170|6|900923||1,00000|UN|14,94||0|000|5152||14,94|17,00|2,54|0||0|||||||01|14,94|0,65|||0,10|01|14,94|3,00|||0,45||
|C170|7|902370||1,00000|UN|23,29||0|000|5152||23,29|17,00|3,96|0||0|||||||01|23,29|0,65|||0,15|01|23,29|3,00|||0,70||
|C170|8|902740||4,00000|UN|31,72||0|000|5152||31,72|17,00|5,39|0||0|||||||01|31,72|0,65|||0,21|01|31,72|3,00|||0,95||
|C170|9|900980||2,00000|UN|29,42||0|000|5152||29,42|17,00|5,00|0||0|||||||01|29,42|0,65|||0,19|01|29,42|3,00|||0,88||
|C170|10|901860||1,00000|UN|43,11||0|000|5152||43,11|17,00|7,33|0||0|||||||01|43,11|0,65|||0,28|01|43,11|3,00|||1,29||
|C170|11|902040||2,00000|UN|26,54||0|000|5152||26,54|17,00|4,51|0||0|||||||01|26,54|0,65|||0,17|01|26,54|3,00|||0,80||
|C170|12|902210||4,00000|UN|63,48||0|000|5152||63,48|17,00|10,79|0||0|||||||01|63,48|0,65|||0,41|01|63,48|3,00|||1,90||
|C170|13|902760||6,00000|UN|32,64||0|000|5152||32,64|17,00|5,55|0||0|||||||01|32,64|0,65|||0,21|01|32,64|3,00|||0,98||
|C170|14|902171||2,00000|UN|306,70||0|000|5152||306,70|17,00|52,14|0||0|||||||01|306,70|0,65|||1,99|01|306,70|3,00|||9,20||
|C170|15|902920||1,00000|UN|48,11||0|000|5152||48,11|17,00|8,18|0||0|||||||01|48,11|0,65|||0,31|01|48,11|3,00|||1,44||
|C190|000|5152|17,00|838,89|838,89|142,61|0|0|0|0||
|C100|1|0|800008026|01|00|U|0068881||16032011|16032011|527,19|0|||527,19|9||||527,19|89,62||||||||
|C170|1|900037||1,00000|UN|63,47||0|000|5152||63,47|17,00|10,79|0||0|||||||01|63,47|0,65|||0,41|01|63,47|3,00|||1,90||
|C170|2|900041||6,00000|UN|30,54||0|000|5152||30,54|17,00|5,19|0||0|||||||01|30,54|0,65|||0,20|01|30,54|3,00|||0,92||
|C170|3|900952||2,00000|UN|13,40||0|000|5152||13,40|17,00|2,28|0||0|||||||01|13,40|0,65|||0,09|01|13,40|3,00|||0,40||
|C170|4|901511||2,00000|UN|62,20||0|000|5152||62,20|17,00|10,57|0||0|||||||01|62,20|0,65|||0,40|01|62,20|3,00|||1,87||
|C170|5|900913||1,00000|UN|18,42||0|000|5152||18,42|17,00|3,13|0||0|||||||01|18,42|0,65|||0,12|01|18,42|3,00|||0,55||
|C170|6|900042||3,00000|UN|24,81||0|000|5152||24,81|17,00|4,22|0||0|||||||01|24,81|0,65|||0,16|01|24,81|3,00|||0,74||
|C170|7|902530||2,00000|UN|22,52||0|000|5152||22,52|17,00|3,83|0||0|||||||01|22,52|0,65|||0,15|01|22,52|3,00|||0,68||
|C170|8|902281||2,00000|UN|16,54||0|000|5152||16,54|17,00|2,81|0||0|||||||01|16,54|0,65|||0,11|01|16,54|3,00|||0,50||
|C170|9|902282||2,00000|UN|21,32||0|000|5152||21,32|17,00|3,62|0||0|||||||01|21,32|0,65|||0,14|01|21,32|3,00|||0,64||
|C170|10|902283||2,00000|UN|31,26||0|000|5152||31,26|17,00|5,31|0||0|||||||01|31,26|0,65|||0,20|01|31,26|3,00|||0,94||
|C170|11|902284||1,00000|UN|32,35||0|000|5152||32,35|17,00|5,50|0||0|||||||01|32,35|0,65|||0,21|01|32,35|3,00|||0,97||
|C170|12|902285||2,00000|UN|24,30||0|000|5152||24,30|17,00|4,13|0||0|||||||01|24,30|0,65|||0,16|01|24,30|3,00|||0,73||
|C170|13|903210||2,00000|UN|37,60||0|000|5152||37,60|17,00|6,39|0||0|||||||01|37,60|0,65|||0,24|01|37,60|3,00|||1,13||
|C170|14|902600||3,00000|UN|87,60||0|000|5152||87,60|17,00|14,89|0||0|||||||01|87,60|0,65|||0,57|01|87,60|3,00|||2,63||
|C170|15|903562||2,00000|UN|40,86||0|000|5152||40,86|17,00|6,95|0||0|||||||01|40,86|0,65|||0,27|01|40,86|3,00|||1,23||
|C190|000|5152|17,00|527,19|527,19|89,62|0|0|0|0||
|C100|1|0|800008026|01|00|U|0068882||16032011|16032011|1097,56|0|||1097,56|9||||1097,56|186,59||||||||
|C170|1|900031||2,00000|UN|64,46||0|000|5152||64,46|17,00|10,96|0||0|||||||01|64,46|0,65|||0,42|01|64,46|3,00|||1,93||
|C170|2|900032||1,00000|UN|65,31||0|000|5152||65,31|17,00|11,10|0||0|||||||01|65,31|0,65|||0,42|01|65,31|3,00|||1,96||
|C170|3|900034||2,00000|UN|49,44||0|000|5152||49,44|17,00|8,40|0||0|||||||01|49,44|0,65|||0,32|01|49,44|3,00|||1,48||
|C170|4|900035||2,00000|UN|49,44||0|000|5152||49,44|17,00|8,40|0||0|||||||01|49,44|0,65|||0,32|01|49,44|3,00|||1,48||
|C170|5|900033||1,00000|UN|95,07||0|000|5152||95,07|17,00|16,16|0||0|||||||01|95,07|0,65|||0,62|01|95,07|3,00|||2,85||
|C170|6|900036||3,00000|UN|53,31||0|000|5152||53,31|17,00|9,06|0||0|||||||01|53,31|0,65|||0,35|01|53,31|3,00|||1,60||
|C170|7|900924||1,00000|UN|19,20||0|000|5152||19,20|17,00|3,26|0||0|||||||01|19,20|0,65|||0,12|01|19,20|3,00|||0,58||
|C170|8|900925||1,00000|UN|12,50||0|000|5152||12,50|17,00|2,13|0||0|||||||01|12,50|0,65|||0,08|01|12,50|3,00|||0,38||
|C170|9|900570||2,00000|UN|11,98||0|000|5152||11,98|17,00|2,04|0||0|||||||01|11,98|0,65|||0,08|01|11,98|3,00|||0,36||
|C170|10|900751||2,00000|UN|54,22||0|000|5152||54,22|17,00|9,22|0||0|||||||01|54,22|0,65|||0,35|01|54,22|3,00|||1,63||
|C170|11|902960||2,00000|UN|11,36||0|000|5152||11,36|17,00|1,93|0||0|||||||01|11,36|0,65|||0,07|01|11,36|3,00|||0,34||
|C170|12|900470||1,00000|UN|214,12||0|000|5152||214,12|17,00|36,40|0||0|||||||01|214,12|0,65|||1,39|01|214,12|3,00|||6,42||
|C170|13|902511||6,00000|UN|236,22||0|000|5152||236,22|17,00|40,16|0||0|||||||01|236,22|0,65|||1,54|01|236,22|3,00|||7,09||
|C170|14|901100||2,00000|UN|139,78||0|000|5152||139,78|17,00|23,76|0||0|||||||01|139,78|0,65|||0,91|01|139,78|3,00|||4,19||
|C170|15|902970||3,00000|UN|21,15||0|000|5152||21,15|17,00|3,60|0||0|||||||01|21,15|0,65|||0,14|01|21,15|3,00|||0,63||
|C190|000|5152|17,00|1097,56|1097,56|186,59|0|0|0|0||
|C100|1|0|800008026|01|00|U|0068883||16032011|16032011|1207,65|0|||1207,65|9||||1207,65|205,30||||||||
|C170|1|520020||2,00000|UN|34,66||0|000|5152||34,66|17,00|5,89|0||0|||||||01|34,66|0,65|||0,23|01|34,66|3,00|||1,04||
|C170|2|520151||2,00000|UN|49,00||0|000|5152||49,00|17,00|8,33|0||0|||||||01|49,00|0,65|||0,32|01|49,00|3,00|||1,47||
|C170|3|520741||4,00000|UN|221,44||0|000|5152||221,44|17,00|37,64|0||0|||||||01|221,44|0,65|||1,44|01|221,44|3,00|||6,64||
|C170|4|520211||2,00000|UN|86,98||0|000|5152||86,98|17,00|14,79|0||0|||||||01|86,98|0,65|||0,57|01|86,98|3,00|||2,61||
|C170|5|520212||2,00000|UN|44,28||0|000|5152||44,28|17,00|7,53|0||0|||||||01|44,28|0,65|||0,29|01|44,28|3,00|||1,33||
|C170|6|520261||1,00000|UN|58,45||0|000|5152||58,45|17,00|9,94|0||0|||||||01|58,45|0,65|||0,38|01|58,45|3,00|||1,75||
|C170|7|660230||3,00000|UN|172,68||0|000|5152||172,68|17,00|29,36|0||0|||||||01|172,68|0,65|||1,12|01|172,68|3,00|||5,18||
|C170|8|660090||4,00000|UN|212,52||0|000|5152||212,52|17,00|36,13|0||0|||||||01|212,52|0,65|||1,38|01|212,52|3,00|||6,38||
|C170|9|660300||2,00000|UN|205,14||0|000|5152||205,14|17,00|34,87|0||0|||||||01|205,14|0,65|||1,33|01|205,14|3,00|||6,15||
|C170|10|660930||2,00000|UN|122,50||0|000|5152||122,50|17,00|20,82|0||0|||||||01|122,50|0,65|||0,80|01|122,50|3,00|||3,68||
|C190|000|5152|17,00|1207,65|1207,65|205,30|0|0|0|0||
|C100|1|0|800008026|01|00|U|0068884||16032011|16032011|1067,99|0|||1067,99|9||||1067,99|181,56||||||||
|C170|1|950010||2,00000|UN|125,64||0|000|5152||125,64|17,00|21,36|0||0|||||||01|125,64|0,65|||0,82|01|125,64|3,00|||3,77||
|C170|2|950061||2,00000|UN|72,10||0|000|5152||72,10|17,00|12,26|0||0|||||||01|72,10|0,65|||0,47|01|72,10|3,00|||2,16||
|C170|3|950062||6,00000|UN|29,64||0|000|5152||29,64|17,00|5,04|0||0|||||||01|29,64|0,65|||0,19|01|29,64|3,00|||0,89||
|C170|4|950063||6,00000|UN|40,80||0|000|5152||40,80|17,00|6,94|0||0|||||||01|40,80|0,65|||0,27|01|40,80|3,00|||1,22||
|C170|5|950064||4,00000|UN|32,12||0|000|5152||32,12|17,00|5,46|0||0|||||||01|32,12|0,65|||0,21|01|32,12|3,00|||0,96||
|C170|6|950071||6,00000|UN|61,26||0|000|5152||61,26|17,00|10,41|0||0|||||||01|61,26|0,65|||0,40|01|61,26|3,00|||1,84||
|C170|7|950072||2,00000|UN|35,64||0|000|5152||35,64|17,00|6,06|0||0|||||||01|35,64|0,65|||0,23|01|35,64|3,00|||1,07||
|C170|8|950120||18,00000|UN|415,62||0|000|5152||415,62|17,00|70,66|0||0|||||||01|415,62|0,65|||2,70|01|415,62|3,00|||12,47||
|C170|9|950151||2,00000|UN|73,34||0|000|5152||73,34|17,00|12,47|0||0|||||||01|73,34|0,65|||0,48|01|73,34|3,00|||2,20||
|C170|10|950231||1,00000|UN|181,83||0|000|5152||181,83|17,00|30,91|0||0|||||||01|181,83|0,65|||1,18|01|181,83|3,00|||5,45||
|C190|000|5152|17,00|1067,99|1067,99|181,56|0|0|0|0||
|C100|1|0|800008026|01|00|U|0068885||17032011|17032011|1489,86|0|||1489,86|9||||1489,86|253,28||||||||
|C170|1|100200||6,00000|UN|1489,86||0|000|5152||1489,86|17,00|253,28|0||0|||||||01|1489,86|0,65|||9,68|01|1489,86|3,00|||44,70||
|C190|000|5152|17,00|1489,86|1489,86|253,28|0|0|0|0||
|C100|1|0|800008026|01|00|U|0068888||17032011|17032011|269,00|0|||269,00|9||||269,00|45,73||||||||
|C170|1|070430||1,00000|UN|269,00||0|000|5152||269,00|17,00|45,73|0||0|||||||01|269,00|0,65|||1,75|01|269,00|3,00|||8,07||
|C190|000|5152|17,00|269,00|269,00|45,73|0|0|0|0||
|C100|1|0|800008026|01|00|U|0068900||23032011|23032011|30,21|0|||30,21|9||||30,21|5,14||||||||
|C170|1|900100||1,00000|UN|30,21||0|000|5152||30,21|17,00|5,14|0||0|||||||01|30,21|0,65|||0,20|01|30,21|3,00|||0,91||
|C190|000|5152|17,00|30,21|30,21|5,14|0|0|0|0||
|C100|1|0|800008026|01|00|U|0068901||23032011|23032011|707,58|0|||707,58|9||||707,58|120,29||||||||
|C170|1|030373||1,00000|UN|707,58||0|000|5152||707,58|17,00|120,29|0||0|||||||01|707,58|0,65|||4,60|01|707,58|3,00|||21,23||
|C190|000|5152|17,00|707,58|707,58|120,29|0|0|0|0||
|C100|1|0|800008026|01|00|U|0068903||23032011|23032011|11644,68|0|||11644,68|9||||11644,68|1979,60||||||||
|C170|1|031140||1,00000|UN|1136,45||0|000|5152||1136,45|17,00|193,20|0||0|||||||01|1136,45|0,65|||7,39|01|1136,45|3,00|||34,09||
|C170|2|050880||1,00000|UN|1261,05||0|000|5152||1261,05|17,00|214,38|0||0|||||||01|1261,05|0,65|||8,20|01|1261,05|3,00|||37,83||
|C170|3|050993||1,00000|UN|3382,52||0|000|5152||3382,52|17,00|575,03|0||0|||||||01|3382,52|0,65|||21,99|01|3382,52|3,00|||101,48||
|C170|4|090350||1,00000|UN|116,79||0|000|5152||116,79|17,00|19,85|0||0|||||||01|116,79|0,65|||0,76|01|116,79|3,00|||3,50||
|C170|5|051110||1,00000|UN|807,28||0|000|5152||807,28|17,00|137,24|0||0|||||||01|807,28|0,65|||5,25|01|807,28|3,00|||24,22||
|C170|6|180190||1,00000|UN|372,56||0|000|5152||372,56|17,00|63,34|0||0|||||||01|372,56|0,65|||2,42|01|372,56|3,00|||11,18||
|C170|7|180700||1,00000|UN|2238,06||0|000|5152||2238,06|17,00|380,47|0||0|||||||01|2238,06|0,65|||14,55|01|2238,06|3,00|||67,14||
|C170|8|180770||1,00000|UN|793,00||0|000|5152||793,00|17,00|134,81|0||0|||||||01|793,00|0,65|||5,15|01|793,00|3,00|||23,79||
|C170|9|180380||1,00000|UN|319,26||0|000|5152||319,26|17,00|54,27|0||0|||||||01|319,26|0,65|||2,08|01|319,26|3,00|||9,58||
|C170|10|180390||1,00000|UN|639,06||0|000|5152||639,06|17,00|108,64|0||0|||||||01|639,06|0,65|||4,15|01|639,06|3,00|||19,17||
|C170|11|180540||1,00000|UN|214,76||0|000|5152||214,76|17,00|36,51|0||0|||||||01|214,76|0,65|||1,40|01|214,76|3,00|||6,44||
|C170|12|180580||1,00000|UN|214,12||0|000|5152||214,12|17,00|36,40|0||0|||||||01|214,12|0,65|||1,39|01|214,12|3,00|||6,42||
|C170|13|290060||1,00000|UN|149,77||0|000|5152||149,77|17,00|25,46|0||0|||||||01|149,77|0,65|||0,97|01|149,77|3,00|||4,49||
|C190|000|5152|17,00|11644,68|11644,68|1979,60|0|0|0|0||
|C100|1|0|800008026|01|00|U|0068904||23032011|23032011|4423,35|0|||4423,35|9||||4423,35|751,97||||||||
|C170|1|030483||1,00000|UN|908,44||0|000|5152||908,44|17,00|154,43|0||0|||||||01|908,44|0,65|||5,90|01|908,44|3,00|||27,25||
|C170|2|031240||1,00000|UN|156,65||0|000|5152||156,65|17,00|26,63|0||0|||||||01|156,65|0,65|||1,02|01|156,65|3,00|||4,70||
|C170|3|031250||1,00000|UN|231,54||0|000|5152||231,54|17,00|39,36|0||0|||||||01|231,54|0,65|||1,51|01|231,54|3,00|||6,95||
|C170|4|050970||1,00000|UN|829,71||0|000|5152||829,71|17,00|141,05|0||0|||||||01|829,71|0,65|||5,39|01|829,71|3,00|||24,89||
|C170|5|040360||1,00000|UN|241,01||0|000|5152||241,01|17,00|40,97|0||0|||||||01|241,01|0,65|||1,57|01|241,01|3,00|||7,23||
|C170|6|100160||1,00000|UN|285,50||0|000|5152||285,50|17,00|48,53|0||0|||||||01|285,50|0,65|||1,86|01|285,50|3,00|||8,57||
|C170|7|950320||1,00000|UN|314,84||0|000|5152||314,84|17,00|53,52|0||0|||||||01|314,84|0,65|||2,05|01|314,84|3,00|||9,45||
|C170|8|902110||1,00000|UN|544,89||0|000|5152||544,89|17,00|92,63|0||0|||||||01|544,89|0,65|||3,54|01|544,89|3,00|||16,35||
|C170|9|290270||1,00000|UN|48,62||0|000|5152||48,62|17,00|8,27|0||0|||||||01|48,62|0,65|||0,32|01|48,62|3,00|||1,46||
|C170|10|330270||1,00000|UN|361,44||0|000|5152||361,44|17,00|61,44|0||0|||||||01|361,44|0,65|||2,35|01|361,44|3,00|||10,84||
|C170|11|290300||1,00000|UN|76,90||0|000|5152||76,90|17,00|13,07|0||0|||||||01|76,90|0,65|||0,50|01|76,90|3,00|||2,31||
|C170|12|330150||1,00000|UN|237,39||0|000|5152||237,39|17,00|40,36|0||0|||||||01|237,39|0,65|||1,54|01|237,39|3,00|||7,12||
|C170|13|290210||1,00000|UN|186,42||0|000|5152||186,42|17,00|31,69|0||0|||||||01|186,42|0,65|||1,21|01|186,42|3,00|||5,59||
|C190|000|5152|17,00|4423,35|4423,35|751,97|0|0|0|0||
|C100|1|0|800008026|01|00|U|0068905||23032011|23032011|1889,26|0|||1889,26|9||||1889,26|321,17||||||||
|C170|1|531330||1,00000|UN|182,37||0|000|5152||182,37|17,00|31,00|0||0|||||||01|182,37|0,65|||1,19|01|182,37|3,00|||5,47||
|C170|2|761224||1,00000|UN|252,30||0|000|5152||252,30|17,00|42,89|0||0|||||||01|252,30|0,65|||1,64|01|252,30|3,00|||7,57||
|C170|3|900750||1,00000|UN|134,16||0|000|5152||134,16|17,00|22,81|0||0|||||||01|134,16|0,65|||0,87|01|134,16|3,00|||4,02||
|C170|4|900021||1,00000|UN|95,20||0|000|5152||95,20|17,00|16,18|0||0|||||||01|95,20|0,65|||0,62|01|95,20|3,00|||2,86||
|C170|5|890560||1,00000|UN|115,37||0|000|5152||115,37|17,00|19,61|0||0|||||||01|115,37|0,65|||0,75|01|115,37|3,00|||3,46||
|C170|6|890210||1,00000|UN|261,40||0|000|5152||261,40|17,00|44,44|0||0|||||||01|261,40|0,65|||1,70|01|261,40|3,00|||7,84||
|C170|7|902430||1,00000|UN|126,74||0|000|5152||126,74|17,00|21,55|0||0|||||||01|126,74|0,65|||0,82|01|126,74|3,00|||3,80||
|C170|8|910810||1,00000|UN|247,44||0|000|5152||247,44|17,00|42,06|0||0|||||||01|247,44|0,65|||1,61|01|247,44|3,00|||7,42||
|C170|9|902171||1,00000|UN|153,35||0|000|5152||153,35|17,00|26,07|0||0|||||||01|153,35|0,65|||1,00|01|153,35|3,00|||4,60||
|C170|10|902511||1,00000|UN|39,37||0|000|5152||39,37|17,00|6,69|0||0|||||||01|39,37|0,65|||0,26|01|39,37|3,00|||1,18||
|C170|11|910340||2,00000|UN|170,84||0|000|5152||170,84|17,00|29,04|0||0|||||||01|170,84|0,65|||1,11|01|170,84|3,00|||5,13||
|C170|12|901190||1,00000|UN|110,72||0|000|5152||110,72|17,00|18,82|0||0|||||||01|110,72|0,65|||0,72|01|110,72|3,00|||3,32||
|C190|000|5152|17,00|1889,26|1889,26|321,17|0|0|0|0||
|C100|1|0|800008026|01|00|U|0068906||23032011|23032011|2077,00|0|||2077,00|9||||1771,45|301,15||||||||
|C170|1|180810||1,00000|UN|171,18||0|041|5152|||||0||0|||||||01|171,18|0,65|||1,11|01|171,18|3,00|||5,14||
|C170|2|180900||1,00000|UN|134,37||0|041|5152|||||0||0|||||||01|134,37|0,65|||0,87|01|134,37|3,00|||4,03||
|C170|3|890600||1,00000|UN|1179,42||0|000|5152||1179,42|17,00|200,50|0||0|||||||01|1179,42|0,65|||7,67|01|1179,42|3,00|||35,38||
|C170|4|680900||1,00000|UN|80,14||0|000|5152||80,14|17,00|13,62|0||0|||||||01|80,14|0,65|||0,52|01|80,14|3,00|||2,40||
|C170|5|530090||1,00000|UN|74,74||0|000|5152||74,74|17,00|12,71|0||0|||||||01|74,74|0,65|||0,49|01|74,74|3,00|||2,24||
|C170|6|530570||1,00000|UN|109,87||0|000|5152||109,87|17,00|18,68|0||0|||||||01|109,87|0,65|||0,71|01|109,87|3,00|||3,30||
|C170|7|900033||1,00000|UN|95,07||0|000|5152||95,07|17,00|16,16|0||0|||||||01|95,07|0,65|||0,62|01|95,07|3,00|||2,85||
|C170|8|902490||1,00000|UN|186,24||0|000|5152||186,24|17,00|31,66|0||0|||||||01|186,24|0,65|||1,21|01|186,24|3,00|||5,59||
|C170|9|903450||1,00000|UN|27,55||0|000|5152||27,55|17,00|4,68|0||0|||||||01|27,55|0,65|||0,18|01|27,55|3,00|||0,83||
|C170|10|900913||1,00000|UN|18,42||0|000|5152||18,42|17,00|3,13|0||0|||||||01|18,42|0,65|||0,12|01|18,42|3,00|||0,55||
|C190|000|5152|17,00|1771,45|1771,45|301,15|0|0|0|0||
|C190|041|5152||305,55|0|0|0|0|0|0||
|C100|1|0|800008026|01|00|U|0068907||23032011|23032011|85,31|0|||85,31|9||||85,31|14,50||||||||
|C170|1|103100||1,00000|UN|26,00||0|000|5152||26,00|17,00|4,42|0||0|||||||01|26,00|0,65|||0,17|01|26,00|3,00|||0,78||
|C170|2|903260||1,00000|UN|59,31||0|000|5152||59,31|17,00|10,08|0||0|||||||01|59,31|0,65|||0,39|01|59,31|3,00|||1,78||
|C190|000|5152|17,00|85,31|85,31|14,50|0|0|0|0||
|C100|1|0|800008026|01|00|U|0068909||23032011|23032011|908,44|0|||908,44|9||||908,44|154,43||||||||
|C170|1|030483||1,00000|UN|908,44||0|000|5152||908,44|17,00|154,43|0||0|||||||01|908,44|0,65|||5,90|01|908,44|3,00|||27,25||
|C190|000|5152|17,00|908,44|908,44|154,43|0|0|0|0||
|C100|1|0|800008026|01|00|U|0068912||23032011|23032011|17,43|0|||17,43|9||||17,43|2,96||||||||
|C170|1|650200||1,00000|UN|17,43||0|000|5152||17,43|17,00|2,96|0||0|||||||01|17,43|0,65|||0,11|01|17,43|3,00|||0,52||
|C190|000|5152|17,00|17,43|17,43|2,96|0|0|0|0||
|C100|1|0|800008026|01|00|U|0068913||24032011|24032011|554,92|0|||554,92|9||||554,92|94,34||||||||
|C170|1|040183||1,00000|UN|554,92||0|000|5152||554,92|17,00|94,34|0||0|||||||01|554,92|0,65|||3,61|01|554,92|3,00|||16,65||
|C190|000|5152|17,00|554,92|554,92|94,34|0|0|0|0||
|C100|1|0|800008026|01|00|U|0068914||24032011|24032011|554,92|0|||554,92|9||||554,92|94,34||||||||
|C170|1|040183||1,00000|UN|554,92||0|000|5152||554,92|17,00|94,34|0||0|||||||01|554,92|0,65|||3,61|01|554,92|3,00|||16,65||
|C190|000|5152|17,00|554,92|554,92|94,34|0|0|0|0||
|C100|1|0|800008026|01|00|U|0068916||24032011|24032011|526,11|0|||526,11|9||||526,11|89,44||||||||
|C170|1|660030||1,00000|UN|177,02||0|000|5152||177,02|17,00|30,09|0||0|||||||01|177,02|0,65|||1,15|01|177,02|3,00|||5,31||
|C170|2|760020||1,00000|UN|247,60||0|000|5152||247,60|17,00|42,09|0||0|||||||01|247,60|0,65|||1,61|01|247,60|3,00|||7,43||
|C170|3|910480||1,00000|UN|101,49||0|000|5152||101,49|17,00|17,25|0||0|||||||01|101,49|0,65|||0,66|01|101,49|3,00|||3,04||
|C190|000|5152|17,00|526,11|526,11|89,44|0|0|0|0||
|C100|1|0|800008026|01|00|U|0068917||24032011|24032011|55,36|0|||55,36|9||||55,36|9,41||||||||
|C170|1|520741||1,00000|UN|55,36||0|000|5152||55,36|17,00|9,41|0||0|||||||01|55,36|0,65|||0,36|01|55,36|3,00|||1,66||
|C190|000|5152|17,00|55,36|55,36|9,41|0|0|0|0||
|C100|1|0|800008026|01|00|U|0068919||25032011|25032011|19247,21|0|||19247,21|9||||19247,31|3272,04||||||||
|C170|1|030373||1,00000|UN|707,58||0|000|5152||707,58|17,00|120,29|0||0|||||||01|707,58|0,65|||4,60|01|707,58|3,00|||21,23||
|C170|2|030533||3,00000|UN|880,74||0|000|5152||880,74|17,00|149,73|0||0|||||||01|880,74|0,65|||5,72|01|880,74|3,00|||26,42||
|C170|3|040290||2,00000|UN|1283,56||0|000|5152||1283,56|17,00|218,21|0||0|||||||01|1283,56|0,65|||8,34|01|1283,56|3,00|||38,51||
|C170|4|040250||4,00000|UN|2100,52||0|000|5152||2100,52|17,00|357,09|0||0|||||||01|2100,52|0,65|||13,65|01|2100,52|3,00|||63,02||
|C170|5|040550||6,00000|UN|468,90||0|000|5152||469,00|17,00|79,73|0||0|||||||01|468,90|0,65|||3,05|01|468,90|3,00|||14,07||
|C170|6|040183||1,00000|UN|554,92||0|000|5152||554,92|17,00|94,34|0||0|||||||01|554,92|0,65|||3,61|01|554,92|3,00|||16,65||
|C170|7|180290||12,00000|UN|895,08||0|000|5152||895,08|17,00|152,16|0||0|||||||01|895,08|0,65|||5,82|01|895,08|3,00|||26,85||
|C170|8|180260||6,00000|UN|1020,18||0|000|5152||1020,18|17,00|173,43|0||0|||||||01|1020,18|0,65|||6,63|01|1020,18|3,00|||30,61||
|C170|9|180700||1,00000|UN|2238,06||0|000|5152||2238,06|17,00|380,47|0||0|||||||01|2238,06|0,65|||14,55|01|2238,06|3,00|||67,14||
|C170|10|180203||10,00000|UN|2393,10||0|000|5152||2393,10|17,00|406,83|0||0|||||||01|2393,10|0,65|||15,56|01|2393,10|3,00|||71,79||
|C170|11|180420||5,00000|UN|2662,00||0|000|5152||2662,00|17,00|452,54|0||0|||||||01|2662,00|0,65|||17,30|01|2662,00|3,00|||79,86||
|C170|12|270010||3,00000|UN|1058,25||0|000|5152||1058,25|17,00|179,90|0||0|||||||01|1058,25|0,65|||6,88|01|1058,25|3,00|||31,75||
|C170|13|040570||6,00000|UN|640,20||0|000|5152||640,20|17,00|108,83|0||0|||||||01|640,20|0,65|||4,16|01|640,20|3,00|||19,21||
|C170|14|180790||2,00000|UN|2344,12||0|000|5152||2344,12|17,00|398,50|0||0|||||||01|2344,12|0,65|||15,24|01|2344,12|3,00|||70,32||
|C190|000|5152|17,00|19247,21|19247,31|3272,04|0|0|0|0||
|C100|1|0|800008026|01|00|U|0068920||25032011|25032011|1277,04|0|||1277,04|9||||1277,04|217,10||||||||
|C170|1|180400||4,00000|UN|1277,04||0|000|5152||1277,04|17,00|217,10|0||0|||||||01|1277,04|0,65|||8,30|01|1277,04|3,00|||38,31||
|C190|000|5152|17,00|1277,04|1277,04|217,10|0|0|0|0||
|C100|1|0|800008026|01|00|U|0068922||28032011|28032011|352,75|0|||352,75|9||||352,75|59,97||||||||
|C170|1|270010||1,00000|UN|352,75||0|000|5152||352,75|17,00|59,97|0||0|||||||01|352,75|0,65|||2,29|01|352,75|3,00|||10,58||
|C190|000|5152|17,00|352,75|352,75|59,97|0|0|0|0||
|C100|1|0|800008026|01|00|U|0068931||31032011|31032011|473,46|0|||473,46|9||||473,46|80,49||||||||
|C170|1|040133||1,00000|UN|473,46||0|000|5152||473,46|17,00|80,49|0||0|||||||01|473,46|0,65|||3,08|01|473,46|3,00|||14,20||
|C190|000|5152|17,00|473,46|473,46|80,49|0|0|0|0||
|C100|1|0|800008026|01|00|U|0068932||31032011|31032011|1569,71|0|||1569,71|9||||1569,71|266,85||||||||
|C170|1|030830||1,00000|UN|1569,71||0|000|5152||1569,71|17,00|266,85|0||0|||||||01|1569,71|0,65|||10,20|01|1569,71|3,00|||47,09||
|C190|000|5152|17,00|1569,71|1569,71|266,85|0|0|0|0||
|C100|1|0|800007057|01|00|U|0068845||03032011|03032011|855,00|0|||855,00|9||||0|0||||||||
|C170|1|030143||1,00000|UN|855,00||0|041|5949|||||0||0|||||||99||||||99|||||||
|C190|041|5949||855,00|0|0|0|0|0|0||
|C100|1|0|6263|01|00|U|0068876||16032011|16032011|769,00|0|||769,00|9||||0|0||||||||
|C170|1|040133||1,00000|UN|769,00||0|041|5949|||||0||0|||||||99||||||99|||||||
|C190|041|5949||769,00|0|0|0|0|0|0||
|C100|1|0|800007058|01|00|U|0068902||23032011|23032011|97,00|0|||97,00|9||||0|0||||||||
|C170|1|180280||1,00000|UN|89,00||0|041|5949|||||0||0|||||||99||||||99|||||||
|C170|2|500370||1,00000|UN|8,00||0|041|5949|||||0||0|||||||99||||||99|||||||
|C190|041|5949||97,00|0|0|0|0|0|0||
|C100|1|0|800007059|01|00|U|0068839||01032011|01032011|1599,00|0|||1599,00|9||||0|0||||||||
|C170|1|030253||1,00000|UN|1599,00||0|041|5949|||||0||0|||||||99||||||99|||||||
|C190|041|5949||1599,00|0|0|0|0|0|0||
|C100|1|0|800007045|01|00|U|0068895||22032011|22032011|1174,00|0|||1174,00|9||||0|0||||||||
|C170|1|030363||1,00000|UN|1174,00||0|041|5949|||||0||0|||||||99||||||99|||||||
|C190|041|5949||1174,00|0|0|0|0|0|0||
|C100|1|0|800007060|01|00|U|0068855||10032011|10032011|1399,00|0|||1399,00|9||||0|0||||||||
|C170|1|040280||1,00000|UN|1399,00||0|041|5949|||||0||0|||||||99||||||99|||||||
|C190|041|5949||1399,00|0|0|0|0|0|0||
|C100|1|0|800007061|01|00|U|0068908||23032011|23032011|2499,00|0|||2499,00|9||||0|0||||||||
|C170|1|950330||1,00000|UN|2499,00||0|041|5949|||||0||0|||||||99||||||99|||||||
|C190|041|5949||2499,00|0|0|0|0|0|0||
|C100|1|0|800007062|01|00|U|0068844||03032011|03032011|5220,00|0|||5220,00|9||||0|0||||||||
|C170|1|030293||1,00000|UN|1550,00||0|041|5949|||||0||0|||||||99||||||99|||||||
|C170|2|040203||1,00000|UN|1640,00||0|041|5949|||||0||0|||||||99||||||99|||||||
|C170|3|220460||1,00000|UN|2030,00||0|041|5949|||||0||0|||||||99||||||99|||||||
|C190|041|5949||5220,00|0|0|0|0|0|0||
|C100|1|0|800007063|01|00|U|0068926||30032011|30032011|5610,00|0|||5610,00|9||||0|0||||||||
|C170|1|050890||1,00000|UN|2136,00||0|041|5949|||||0||0|||||||99||||||99|||||||
|C170|2|050910||1,00000|UN|2041,00||0|041|5949|||||0||0|||||||99||||||99|||||||
|C170|3|950370||1,00000|UN|1433,00||0|041|5949|||||0||0|||||||99||||||99|||||||
|C190|041|5949||5610,00|0|0|0|0|0|0||
|C100|1|0|800007063|01|00|U|0068927||30032011|30032011|2390,00|0|||2390,00|9||||0|0||||||||
|C170|1|180180||1,00000|UN|500,00||0|041|5949|||||0||0|||||||99||||||99|||||||
|C170|2|220423||1,00000|UN|1890,00||0|041|5949|||||0||0|||||||99||||||99|||||||
|C190|041|5949||2390,00|0|0|0|0|0|0||
|C100|1|0|800007064|01|00|U|0068862||11032011|11032011|1699,00|0|||1699,00|9||||0|0||||||||
|C170|1|950370||1,00000|UN|1699,00||0|041|5949|||||0||0|||||||99||||||99|||||||
|C190|041|5949||1699,00|0|0|0|0|0|0||
|C100|1|0|800007065|01|00|U|0068890||17032011|17032011|495,00|0|||495,00|9||||0|0||||||||
|C170|1|030363||1,00000|UN|495,00||0|041|5949|||||0||0|||||||99||||||99|||||||
|C190|041|5949||495,00|0|0|0|0|0|0||
|C100|1|0|800006994|01|00|U|0068886||17032011|17032011|1928,00|0|||1928,00|9||||0|0||||||||
|C170|1|040103||1,00000|UN|1429,00||0|041|5949|||||0||0|||||||99||||||99|||||||
|C170|2|200380||1,00000|UN|499,00||0|041|5949|||||0||0|||||||99||||||99|||||||
|C190|041|5949||1928,00|0|0|0|0|0|0||
|C100|1|0|800006994|01|00|U|0068846||03032011|03032011|1739,00|0|||1739,00|9||||0|0||||||||
|C170|1|180290||2,00000|UN|149,18||0|041|5915|||||0||0|||||||99||||||99|||||||
|C170|2|180320||1,00000|UN|23,93||0|041|5915|||||0||0|||||||99||||||99|||||||
|C170|3|180900||1,00000|UN|134,37||0|041|5915|||||0||0|||||||99||||||99|||||||
|C170|4|180380||1,00000|UN|319,26||0|041|5915|||||0||0|||||||99||||||99|||||||
|C170|5|180550||1,00000|UN|319,26||0|041|5915|||||0||0|||||||99||||||99|||||||
|C170|6|180770||1,00000|UN|793,00||0|041|5915|||||0||0|||||||99||||||99|||||||
|C190|041|5915||1739,00|0|0|0|0|0|0||
|C100|1|0|800006994|01|00|U|0068848||03032011|03032011|1586,40|0|||1586,40|9||||0|0||||||||
|C170|1|070410||2,00000|UN|339,68||0|041|5915|||||0||0|||||||99||||||99|||||||
|C170|2|070420||1,00000|UN|170,72||0|041|5915|||||0||0|||||||99||||||99|||||||
|C170|3|070430||4,00000|UN|1076,00||0|041|5915|||||0||0|||||||99||||||99|||||||
|C190|041|5915||1586,40|0|0|0|0|0|0||
|C100|1|0|800007066|01|00|U|0068896||22032011|22032011|2648,00|0|||2648,00|9||||0|0||||||||
|C170|1|030630||1,00000|UN|1699,00||0|041|5949|||||0||0|||||||99||||||99|||||||
|C170|2|051220||1,00000|UN|949,00||0|041|5949|||||0||0|||||||99||||||99|||||||
|C190|041|5949||2648,00|0|0|0|0|0|0||
|C100|1|0|800007067|01|00|U|0068889||17032011|17032011|495,00|0|||495,00|9||||0|0||||||||
|C170|1|030363||1,00000|UN|495,00||0|041|5949|||||0||0|||||||99||||||99|||||||
|C190|041|5949||495,00|0|0|0|0|0|0||
|C100|1|0|800007068|01|00|U|0068921||25032011|25032011|3068,00|0|||3068,00|9||||0|0||||||||
|C170|1|030830||1,00000|UN|2599,00||0|041|5949|||||0||0|||||||99||||||99|||||||
|C170|2|100160||1,00000|UN|469,00||0|041|5949|||||0||0|||||||99||||||99|||||||
|C190|041|5949||3068,00|0|0|0|0|0|0||
|C100|1|0|800007069|01|00|U|0068918||25032011|25032011|1738,00|0|||1738,00|9||||0|0||||||||
|C170|1|030523||1,00000|UN|339,00||0|041|5949|||||0||0|||||||99||||||99|||||||
|C170|2|180770||1,00000|UN|1399,00||0|041|5949|||||0||0|||||||99||||||99|||||||
|C190|041|5949||1738,00|0|0|0|0|0|0||
|C100|1|0|800007070|01|00|U|0068933||31032011|31032011|2719,00|0|||2719,00|9||||0|0||||||||
|C170|1|031180||1,00000|UN|2719,00||0|041|5949|||||0||0|||||||99||||||99|||||||
|C190|041|5949||2719,00|0|0|0|0|0|0||
|C100|1|0|800006986|01|00|U|0068898||22032011|22032011|754,80|0|||754,80|9||||754,80|90,58||||||||
|C170|1|040530||1,00000|UN|754,80||0|000|6202||754,80|12,00|90,58|0||0|||||||01|754,80|0,65|||4,91|01|754,80|3,00|||22,64||
|C190|000|6202|12,00|754,80|754,80|90,58|0|0|0|0||
|C100|1|0|800007037|01|00|U|0068871||15032011|15032011|500,94|0|||455,40|9||||455,40|31,88||||||||
|C170|1|290180||18,00000|UN|455,40||0|000|6202||455,40|7,00|31,88|0||0|||||||01|455,40|0,65|||2,96|01|455,40|3,00|||13,66||
|C190|000|6202|7,00|500,94|455,40|31,88|0|0|0|0||
|C100|0|1|800008026|01|00|1|0008467||22032011|22032011|275,51|0|||275,51|9||||275,51|46,84||||||||
|C170|1|050830||1,00000|UN|275,51||0|000|1152||275,51|17,00|46,84|0||0||||||||||||||||||||
|C190|000|1152|17,00|275,51|275,51|46,84|0|0|0|0||
|C100|0|1|800008026|01|00|1|0008469||22032011|22032011|76,05|0|||76,05|9||||76,05|12,93||||||||
|C170|1|330030||1,00000|UN|76,05||0|000|1152||76,05|17,00|12,93|0||0||||||||||||||||||||
|C190|000|1152|17,00|76,05|76,05|12,93|0|0|0|0||
|C100|0|1|800008026|01|00|1|0008472||23032011|23032011|376,56|0|||376,56|9||||376,56|64,02||||||||
|C170|1|120140||1,00000|UN|23,81||0|000|1152||23,81|17,00|4,05|0||0||||||||||||||||||||
|C170|2|270010||1,00000|UN|352,75||0|000|1152||352,75|17,00|59,97|0||0||||||||||||||||||||
|C190|000|1152|17,00|376,56|376,56|64,02|0|0|0|0||
|C100|0|1|800008026|01|00|1|0008475||26032011|26032011|43,51|0|||43,51|9||||43,51|7,40||||||||
|C170|1|500210||1,00000|UN|43,51||0|000|1152||43,51|17,00|7,40|0||0||||||||||||||||||||
|C190|000|1152|17,00|43,51|43,51|7,40|0|0|0|0||
|C100|0|1|800008026|01|00|1|0008476||28032011|28032011|319,26|0|||319,26|9||||319,26|54,27||||||||
|C170|1|180380||1,00000|UN|319,26||0|000|1152||319,26|17,00|54,27|0||0||||||||||||||||||||
|C190|000|1152|17,00|319,26|319,26|54,27|0|0|0|0||
|C100|0|1|800008026|01|00|1|0008479||29032011|29032011|132,00|0|||132,00|9||||132,00|22,44||||||||
|C170|1|200360||1,00000|UN|132,00||0|000|1152||132,00|17,00|22,44|0||0||||||||||||||||||||
|C190|000|1152|17,00|132,00|132,00|22,44|0|0|0|0||
|C100|0|1|800008026|01|00|1|0008480||30032011|30032011|3578,66|0|||3578,66|9||||3578,66|608,37||||||||
|C170|1|030123||1,00000|UN|1953,54||0|000|1152||1953,54|17,00|332,10|0||0||||||||||||||||||||
|C170|2|030333||1,00000|UN|1070,20||0|000|1152||1070,20|17,00|181,93|0||0||||||||||||||||||||
|C170|3|040183||1,00000|UN|554,92||0|000|1152||554,92|17,00|94,34|0||0||||||||||||||||||||
|C190|000|1152|17,00|3578,66|3578,66|608,37|0|0|0|0||
|C100|0|1|800008026|01|00|1|0008481||30032011|30032011|11592,39|0|||11592,39|9||||11592,39|1970,71||||||||
|C170|1|050880||1,00000|UN|1261,05||0|000|1152||1261,05|17,00|214,38|0||0||||||||||||||||||||
|C170|2|050993||1,00000|UN|3382,52||0|000|1152||3382,52|17,00|575,03|0||0||||||||||||||||||||
|C170|3|180380||1,00000|UN|319,26||0|000|1152||319,26|17,00|54,27|0||0||||||||||||||||||||
|C170|4|090350||1,00000|UN|116,79||0|000|1152||116,79|17,00|19,85|0||0||||||||||||||||||||
|C170|5|051110||1,00000|UN|807,28||0|000|1152||807,28|17,00|137,24|0||0||||||||||||||||||||
|C170|6|180190||1,00000|UN|372,56||0|000|1152||372,56|17,00|63,34|0||0||||||||||||||||||||
|C170|7|180700||1,00000|UN|2344,66||0|000|1152||2344,66|17,00|398,59|0||0||||||||||||||||||||
|C170|8|180770||1,00000|UN|793,00||0|000|1152||793,00|17,00|134,81|0||0||||||||||||||||||||
|C170|9|180390||1,00000|UN|639,06||0|000|1152||639,06|17,00|108,64|0||0||||||||||||||||||||
|C170|10|180540||1,00000|UN|211,00||0|000|1152||211,00|17,00|35,87|0||0||||||||||||||||||||
|C170|11|180580||1,00000|UN|208,76||0|000|1152||208,76|17,00|35,49|0||0||||||||||||||||||||
|C170|12|290060||1,00000|UN|1136,45||0|000|1152||1136,45|17,00|193,20|0||0||||||||||||||||||||
|C190|000|1152|17,00|11592,39|11592,39|1970,71|0|0|0|0||
|C100|0|1|800008026|01|00|1|0008482||30032011|30032011|4423,35|0|||4423,35|9||||4423,35|751,97||||||||
|C170|1|030483||1,00000|UN|908,44||0|000|1152||908,44|17,00|154,43|0||0||||||||||||||||||||
|C170|2|031240||1,00000|UN|156,65||0|000|1152||156,65|17,00|26,63|0||0||||||||||||||||||||
|C170|3|031250||1,00000|UN|231,54||0|000|1152||231,54|17,00|39,36|0||0||||||||||||||||||||
|C170|4|050970||1,00000|UN|829,71||0|000|1152||829,71|17,00|141,05|0||0||||||||||||||||||||
|C170|5|040360||1,00000|UN|241,01||0|000|1152||241,01|17,00|40,97|0||0||||||||||||||||||||
|C170|6|100160||1,00000|UN|285,50||0|000|1152||285,50|17,00|48,53|0||0||||||||||||||||||||
|C170|7|950320||1,00000|UN|314,84||0|000|1152||314,84|17,00|53,52|0||0||||||||||||||||||||
|C170|8|902110||1,00000|UN|544,89||0|000|1152||544,89|17,00|92,63|0||0||||||||||||||||||||
|C170|9|290270||1,00000|UN|48,62||0|000|1152||48,62|17,00|8,27|0||0||||||||||||||||||||
|C170|10|330270||1,00000|UN|361,44||0|000|1152||361,44|17,00|61,44|0||0||||||||||||||||||||
|C170|11|290300||1,00000|UN|76,90||0|000|1152||76,90|17,00|13,07|0||0||||||||||||||||||||
|C170|12|330150||1,00000|UN|237,39||0|000|1152||237,39|17,00|40,36|0||0||||||||||||||||||||
|C170|13|290210||1,00000|UN|186,42||0|000|1152||186,42|17,00|31,69|0||0||||||||||||||||||||
|C190|000|1152|17,00|4423,35|4423,35|751,97|0|0|0|0||
|C100|0|1|800008026|01|00|1|0008483||30032011|30032011|1851,05|0|||1851,05|9||||1851,05|314,68||||||||
|C170|1|531330||1,00000|UN|182,37||0|000|1152||182,37|17,00|31,00|0||0||||||||||||||||||||
|C170|2|761224||1,00000|UN|252,30||0|000|1152||252,30|17,00|42,89|0||0||||||||||||||||||||
|C170|3|900750||1,00000|UN|134,16||0|000|1152||134,16|17,00|22,81|0||0||||||||||||||||||||
|C170|4|900021||1,00000|UN|95,20||0|000|1152||95,20|17,00|16,18|0||0||||||||||||||||||||
|C170|5|890560||1,00000|UN|111,93||0|000|1152||111,93|17,00|19,03|0||0||||||||||||||||||||
|C170|6|890210||1,00000|UN|226,63||0|000|1152||226,63|17,00|38,53|0||0||||||||||||||||||||
|C170|7|902430||1,00000|UN|126,74||0|000|1152||126,74|17,00|21,55|0||0||||||||||||||||||||
|C170|8|910810||1,00000|UN|247,44||0|000|1152||247,44|17,00|42,06|0||0||||||||||||||||||||
|C170|9|902171||1,00000|UN|153,35||0|000|1152||153,35|17,00|26,07|0||0||||||||||||||||||||
|C170|10|902511||1,00000|UN|39,37||0|000|1152||39,37|17,00|6,69|0||0||||||||||||||||||||
|C170|11|910340||2,00000|UN|170,84||0|000|1152||170,84|17,00|29,04|0||0||||||||||||||||||||
|C170|12|901190||1,00000|UN|110,72||0|000|1152||110,72|17,00|18,82|0||0||||||||||||||||||||
|C190|000|1152|17,00|1851,05|1851,05|314,68|0|0|0|0||
|C100|0|1|800008026|01|00|1|0008484||30032011|30032011|897,58|0|||897,58|9||||592,03|100,65||||||||
|C170|1|180810||1,00000|UN|171,18||0|041|1152|||||0||0|||||||01|171,18||||0|01|171,18||||0||
|C170|2|180900||1,00000|UN|134,37||0|041|1152|||||0||0|||||||01|134,37||||0|01|134,37||||0||
|C170|3|900033||1,00000|UN|95,07||0|000|1152||95,07|17,00|16,16|0||0||||||||||||||||||||
|C170|4|680900||1,00000|UN|80,14||0|000|1152||80,14|17,00|13,62|0||0||||||||||||||||||||
|C170|5|530090||1,00000|UN|74,74||0|000|1152||74,74|17,00|12,71|0||0||||||||||||||||||||
|C170|6|530570||1,00000|UN|109,87||0|000|1152||109,87|17,00|18,68|0||0||||||||||||||||||||
|C170|7|902490||1,00000|UN|186,24||0|000|1152||186,24|17,00|31,66|0||0||||||||||||||||||||
|C170|8|903450||1,00000|UN|27,55||0|000|1152||27,55|17,00|4,68|0||0||||||||||||||||||||
|C170|9|900913||1,00000|UN|18,42||0|000|1152||18,42|17,00|3,13|0||0||||||||||||||||||||
|C190|000|1152|17,00|592,03|592,03|100,65|0|0|0|0||
|C190|041|1152||305,55|0|0|0|0|0|0||
|C100|0|1|800008026|01|00|1|0008485||30032011|30032011|1592,65|0|||1592,65|9||||1592,65|270,75||||||||
|C170|1|030483||1,00000|UN|908,44||0|000|1152||908,44|17,00|154,43|0||0||||||||||||||||||||
|C170|2|103100||1,00000|UN|26,00||0|000|1152||26,00|17,00|4,42|0||0||||||||||||||||||||
|C170|3|650200||1,00000|UN|17,43||0|000|1152||17,43|17,00|2,96|0||0||||||||||||||||||||
|C170|4|660030||1,00000|UN|177,02||0|000|1152||177,02|17,00|30,09|0||0||||||||||||||||||||
|C170|5|760020||1,00000|UN|247,60||0|000|1152||247,60|17,00|42,09|0||0||||||||||||||||||||
|C170|6|520741||1,00000|UN|55,36||0|000|1152||55,36|17,00|9,41|0||0||||||||||||||||||||
|C170|7|903260||1,00000|UN|59,31||0|000|1152||59,31|17,00|10,08|0||0||||||||||||||||||||
|C170|8|910480||1,00000|UN|101,49||0|000|1152||101,49|17,00|17,25|0||0||||||||||||||||||||
|C190|000|1152|17,00|1592,65|1592,65|270,75|0|0|0|0||
|C100|0|1|800008026|01|00|1|0008486||30032011|30032011|5932,00|0|||5932,00|9||||5932,00|1008,44||||||||
|C170|1|030143||1,00000|UN|1127,18||0|000|1152||1127,18|17,00|191,62|0||0||||||||||||||||||||
|C170|2|030363||1,00000|UN|629,92||0|000|1152||629,92|17,00|107,09|0||0||||||||||||||||||||
|C170|3|040453||1,00000|UN|392,45||0|000|1152||392,45|17,00|66,72|0||0||||||||||||||||||||
|C170|4|030433||1,00000|UN|481,76||0|000|1152||481,76|17,00|81,90|0||0||||||||||||||||||||
|C170|5|030880||1,00000|UN|1756,54||0|000|1152||1756,54|17,00|298,61|0||0||||||||||||||||||||
|C170|6|030373||1,00000|UN|707,58||0|000|1152||707,58|17,00|120,29|0||0||||||||||||||||||||
|C170|7|070430||1,00000|UN|269,00||0|000|1152||269,00|17,00|45,73|0||0||||||||||||||||||||
|C170|8|100200||1,00000|UN|248,31||0|000|1152||248,31|17,00|42,21|0||0||||||||||||||||||||
|C170|9|180180||1,00000|UN|319,26||0|000|1152||319,26|17,00|54,27|0||0||||||||||||||||||||
|C190|000|1152|17,00|5932,00|5932,00|1008,44|0|0|0|0||
|C100|0|1|800008026|01|00|1|0008488||30032011|30032011|145,20|0|||145,20|9||||145,20|24,68||||||||
|C170|1|180263||1,00000|UN|145,20||0|000|1152||145,20|17,00|24,68|0||0||||||||||||||||||||
|C190|000|1152|17,00|145,20|145,20|24,68|0|0|0|0||
|C100|0|1|800008026|01|00|1|0008489||31032011|31032011|1569,71|0|||1569,71|9||||1569,71|266,85||||||||
|C170|1|030830||1,00000|UN|1569,71||0|000|1152||1569,71|17,00|266,85|0||0||||||||||||||||||||
|C190|000|1152|17,00|1569,71|1569,71|266,85|0|0|0|0||
|C100|0|1|800007041|55|00|1|000087414|29110307666567000140550010000874141000874144|14032011|31032011|9501,30|1|||8262,00|1||||8262,00|991,44||||||||
|C170|1|120080||50,00000|PC|4150,00||0|000|2102||4150,00|12,00|498,00|0||0||||||||||||||||||||
|C170|2|120180||100,00000|PC|4112,00||0|000|2102||4112,00|12,00|493,44|0||0||||||||||||||||||||
|C190|000|2102|12,00|9501,30|8262,00|991,44|0|0|0|0||
|C100|0|1|800007047|55|00|55|000026006|35110301490698000800550550000260061289000648|16032011|31032011|1260,00|1|495,00||1755,00|1||||1260,00|88,20||||||||
|C170|1|660090||3,00000|PC|168,48|47,52|0|000|2102||120,96|7,00|8,47|0||0||||||||||||||||||||
|C170|2|660090||3,00000|PC|168,48|47,52|0|000|2102||120,96|7,00|8,47|0||0||||||||||||||||||||
|C170|3|660090||3,00000|PC|168,48|47,52|0|000|2102||120,96|7,00|8,47|0||0||||||||||||||||||||
|C170|4|660181||3,00000|PC|74,88|21,12|0|000|2102||53,76|7,00|3,76|0||0||||||||||||||||||||
|C170|5|660310||2,00000|PC|60,84|17,16|0|000|2102||43,68|7,00|3,06|0||0||||||||||||||||||||
|C170|6|660182||2,00000|PC|92,04|25,96|0|000|2102||66,08|7,00|4,63|0||0||||||||||||||||||||
|C170|7|660261||6,00000|CJ|84,24|23,76|0|000|2102||60,48|7,00|4,23|0||0||||||||||||||||||||
|C170|8|660262||6,00000|CJ|74,88|21,12|0|000|2102||53,76|7,00|3,76|0||0||||||||||||||||||||
|C170|9|660331||2,00000|PC|154,44|43,56|0|000|2102||110,88|7,00|7,76|0||0||||||||||||||||||||
|C170|10|660332||4,00000|PC|56,16|15,84|0|000|2102||40,32|7,00|2,82|0||0||||||||||||||||||||
|C170|11|660263||4,00000|CJ|74,88|21,12|0|000|2102||53,76|7,00|3,76|0||0||||||||||||||||||||
|C170|12|660291||4,00000|CJ|90,48|25,52|0|000|2102||64,96|7,00|4,55|0||0||||||||||||||||||||
|C170|13|660292||4,00000|CJ|121,68|34,32|0|000|2102||87,36|7,00|6,12|0||0||||||||||||||||||||
|C170|14|660230||4,00000|PC|243,36|68,64|0|000|2102||174,72|7,00|12,23|0||0||||||||||||||||||||
|C170|15|660230||1,00000|PC|60,84|17,16|0|000|2102||43,68|7,00|3,06|0||0||||||||||||||||||||
|C170|16|660230||1,00000|PC|60,84|17,16|0|000|2102||43,68|7,00|3,06|0||0||||||||||||||||||||
|C190|000|2102|7,00|1260,00|1260,00|88,20|0|0|0|0||
|C100|0|1|800007035|55|00|1|000045474|29110315205628000109550010000454741000454748|14032011|31032011|686,37|1|||686,37|1||||686,37|82,36||||||||
|C170|1|890500||2,00000|UN|546,62||0|000|2102||546,62|12,00|65,59|0||0||||||||||||||||||||
|C170|2|890421||1,00000|UN|139,75||0|000|2102||139,75|12,00|16,77|0||0||||||||||||||||||||
|C190|000|2102|12,00|686,37|686,37|82,36|0|0|0|0||
|C100|0|1|800007043|55|00|1|000041420|43110287834883000113550010000414200000414209|28022011|22032011|6030,07|1|||5481,88|1||||5481,88|383,73||||||||
|C170|1|890560||3,00000|UN|1008,18||0|000|2102||1008,18|7,00|70,57|0||0||||||||||||||||||||
|C170|2|890210||2,00000|UN|1015,18||0|000|2102||1015,18|7,00|71,06|0||0||||||||||||||||||||
|C170|3|890370||6,00000|UN|1168,38||0|000|2102||1168,38|7,00|81,79|0||0||||||||||||||||||||
|C170|4|890600||2,00000|UN|2290,14||0|000|2102||2290,14|7,00|160,31|0||0||||||||||||||||||||
|C190|000|2102|7,00|6030,07|5481,88|383,73|0|0|0|0||
|C100|0|1|800007035|55|00|1|000044081|29110215205628000109550010000440811000440814|25022011|11032011|6555,32|1|||6555,32|1||||6555,32|786,64||||||||
|C170|1|890590||2,00000|UN|823,34||0|000|2102||823,34|12,00|98,80|0||0||||||||||||||||||||
|C170|2|890321||1,00000|UN|304,40||0|000|2102||304,40|12,00|36,53|0||0||||||||||||||||||||
|C170|3|890320||1,00000|UN|316,46||0|000|2102||316,46|12,00|37,98|0||0||||||||||||||||||||
|C170|4|890410||1,00000|UN|354,44||0|000|2102||354,44|12,00|42,53|0||0||||||||||||||||||||
|C170|5|890501||2,00000|UN|409,88||0|000|2102||409,88|12,00|49,19|0||0||||||||||||||||||||
|C170|6|890340||1,00000|UN|262,67||0|000|2102||262,67|12,00|31,52|0||0||||||||||||||||||||
|C170|7|890081||1,00000|UN|500,27||0|000|2102||500,27|12,00|60,03|0||0||||||||||||||||||||
|C170|8|890350||1,00000|UN|304,55||0|000|2102||304,55|12,00|36,55|0||0||||||||||||||||||||
|C170|9|890421||5,00000|UN|698,75||0|000|2102||698,75|12,00|83,85|0||0||||||||||||||||||||
|C170|10|890411||1,00000|UN|638,12||0|000|2102||638,12|12,00|76,57|0||0||||||||||||||||||||
|C170|11|890360||2,00000|UN|803,64||0|000|2102||803,64|12,00|96,44|0||0||||||||||||||||||||
|C170|12|890440||1,00000|UN|214,50||0|000|2102||214,50|12,00|25,74|0||0||||||||||||||||||||
|C170|13|890422||1,00000|UN|284,70||0|000|2102||284,70|12,00|34,16|0||0||||||||||||||||||||
|C170|14|890450||1,00000|UN|275,60||0|000|2102||275,60|12,00|33,07|0||0||||||||||||||||||||
|C170|15|890430||2,00000|UN|364,00||0|000|2102||364,00|12,00|43,68|0||0||||||||||||||||||||
|C190|000|2102|12,00|6555,32|6555,32|786,64|0|0|0|0||
|C100|0|1|800007048|55|00|1|000000624|42110385462513000177550010000006241000007006|01032011|31032011|884,20|1|||884,20|1||||0|0||||||||
|C170|1|106130||4,00000|UN|198,56||0|000|2102|||2,33||0||0||||||||||||||||||||
|C170|2|106010||6,00000|UN|237,84||0|000|2102|||2,33||0||0||||||||||||||||||||
|C170|3|106070||2,00000|UN|137,66||0|000|2102|||2,33||0||0||||||||||||||||||||
|C170|4|106080||4,00000|UN|164,24||0|000|2102|||2,33||0||0||||||||||||||||||||
|C170|5|106110||2,00000|UN|145,90||0|000|2102|||2,33||0||0||||||||||||||||||||
|C190|000|2102|2,33|884,20|0|0|0|0|0|0||
|C100|0|1|800007071|55|00|0|000013408|35110300606287000106550000000134081000030015|11032011|31032011|2982,41|0|||2715,21|1||||2715,21|190,06||||||||
|C170|1|105080||8,00000|PCS|951,28||0|000|2102||951,28|7,00|66,59|0||0||||||||||||||||||||
|C170|2|105090||3,00000|CJS|203,22||0|000|2102||203,22|7,00|14,23|0||0||||||||||||||||||||
|C170|3|105100||6,00000|PCS|203,46||0|000|2102||203,46|7,00|14,24|0||0||||||||||||||||||||
|C170|4|105101||12,00000|PCS|110,16||0|000|2102||110,16|7,00|7,71|0||0||||||||||||||||||||
|C170|5|105102||12,00000|PCS|97,08||0|000|2102||97,08|7,00|6,80|0||0||||||||||||||||||||
|C170|6|105103||5,00000|CJS|68,00||0|000|2102||68,00|7,00|4,76|0||0||||||||||||||||||||
|C170|7|105104||5,00000|CJS|84,15||0|000|2102||84,15|7,00|5,89|0||0||||||||||||||||||||
|C170|8|105105||6,00000|CJS|110,64||0|000|2102||110,64|7,00|7,74|0||0||||||||||||||||||||
|C170|9|105106||6,00000|PCS|133,62||0|000|2102||133,62|7,00|9,35|0||0||||||||||||||||||||
|C170|10|105200||4,00000|PCS|241,72||0|000|2102||241,72|7,00|16,92|0||0||||||||||||||||||||
|C170|11|frch-24||6,00000|CJS|136,68||0|000|2102||136,68|7,00|9,57|0||0||||||||||||||||||||
|C170|12|frch-42||4,00000|CJS|139,76||0|000|2102||139,76|7,00|9,78|0||0||||||||||||||||||||
|C170|13|105400||12,00000|PCS|86,64||0|000|2102||86,64|7,00|6,06|0||0||||||||||||||||||||
|C170|14|80129-3||4,00000|CJS|74,40||0|000|2102||74,40|7,00|5,21|0||0||||||||||||||||||||
|C170|15|941500-3||4,00000|CJS|74,40||0|000|2102||74,40|7,00|5,21|0||0||||||||||||||||||||
|C190|000|2102|7,00|2982,41|2715,21|190,06|0|0|0|0||
|C100|0|1|800007040|55|00|3|000012230|35110360963378000112550030000122304351518060|15032011|31032011|6154,72|1|||5457,86|1||||5457,86|382,05||||||||
|C170|1|902650||2,00000|PC|109,52||0|000|2102||109,52|7,00|7,67|0||0||||||||||||||||||||
|C170|2|900081||4,00000|PC|22,24||0|000|2102||22,24|7,00|1,56|0||0||||||||||||||||||||
|C170|3|902450||2,00000|PC|231,00||0|000|2102||231,00|7,00|16,17|0||0||||||||||||||||||||
|C170|4|902680||4,00000|PC|25,76||0|000|2102||25,76|7,00|1,80|0||0||||||||||||||||||||
|C170|5|902690||4,00000|PC|46,00||0|000|2102||46,00|7,00|3,22|0||0||||||||||||||||||||
|C170|6|902270||4,00000|PC|227,20||0|000|2102||227,20|7,00|15,90|0||0||||||||||||||||||||
|C170|7|900600||4,00000|PC|88,56||0|000|2102||88,56|7,00|6,20|0||0||||||||||||||||||||
|C170|8|901830||4,00000|JG|84,88||0|000|2102||84,88|7,00|5,94|0||0||||||||||||||||||||
|C170|9|900362||6,00000|PC|109,50||0|000|2102||109,50|7,00|7,67|0||0||||||||||||||||||||
|C170|10|900955||6,00000|JG|22,20||0|000|2102||22,20|7,00|1,55|0||0||||||||||||||||||||
|C170|11|900420||4,00000|PC|66,16||0|000|2102||66,16|7,00|4,63|0||0||||||||||||||||||||
|C170|12|902400||4,00000|PC|180,64||0|000|2102||180,64|7,00|12,64|0||0||||||||||||||||||||
|C170|13|900422||6,00000|PC|128,22||0|000|2102||128,22|7,00|8,98|0||0||||||||||||||||||||
|C170|14|900283||4,00000|PC|39,68||0|000|2102||39,68|7,00|2,78|0||0||||||||||||||||||||
|C170|15|900341||4,00000|JG|24,44||0|000|2102||24,44|7,00|1,71|0||0||||||||||||||||||||
|C170|16|903140||2,00000|PC|100,32||0|000|2102||100,32|7,00|7,02|0||0||||||||||||||||||||
|C170|17|900690||2,00000|PC|72,22||0|000|2102||72,22|7,00|5,06|0||0||||||||||||||||||||
|C170|18|900840||4,00000|PC|83,48||0|000|2102||83,48|7,00|5,84|0||0||||||||||||||||||||
|C170|19|902811||4,00000|PC|26,96||0|000|2102||26,96|7,00|1,89|0||0||||||||||||||||||||
|C170|20|902811||4,00000|PC|26,96||0|000|2102||26,96|7,00|1,89|0||0||||||||||||||||||||
|C170|21|902810||4,00000|PC|52,36||0|000|2102||52,36|7,00|3,67|0||0||||||||||||||||||||
|C170|22|902810||4,00000|PC|52,36||0|000|2102||52,36|7,00|3,67|0||0||||||||||||||||||||
|C170|23|902830||4,00000|PC|381,00||0|000|2102||381,00|7,00|26,67|0||0||||||||||||||||||||
|C170|24|903191||4,00000|PC|21,88||0|000|2102||21,88|7,00|1,53|0||0||||||||||||||||||||
|C170|25|903192||4,00000|PC|18,60||0|000|2102||18,60|7,00|1,30|0||0||||||||||||||||||||
|C170|26|901611||2,00000|PC|28,40||0|000|2102||28,40|7,00|1,99|0||0||||||||||||||||||||
|C170|27|902286||4,00000|PC|111,00||0|000|2102||111,00|7,00|7,77|0||0||||||||||||||||||||
|C170|28|900452||4,00000|PC|33,00||0|000|2102||33,00|7,00|2,31|0||0||||||||||||||||||||
|C170|29|900521||6,00000|JG|85,20||0|000|2102||85,20|7,00|5,96|0||0||||||||||||||||||||
|C170|30|900422||6,00000|PC|179,52||0|000|2102||179,52|7,00|12,57|0||0||||||||||||||||||||
|C170|31|903480||24,00000|PC|48,48||0|000|2102||48,48|7,00|3,39|0||0||||||||||||||||||||
|C170|32|900491||2,00000|PC|172,50||0|000|2102||172,50|7,00|12,07|0||0||||||||||||||||||||
|C170|33|900621||4,00000|PC|89,68||0|000|2102||89,68|7,00|6,28|0||0||||||||||||||||||||
|C170|34|900691||2,00000|PC|59,84||0|000|2102||59,84|7,00|4,19|0||0||||||||||||||||||||
|C170|35|901531||4,00000|JG|96,00||0|000|2102||96,00|7,00|6,72|0||0||||||||||||||||||||
|C170|36|901930||2,00000|PC|10,42||0|000|2102||10,42|7,00|0,73|0||0||||||||||||||||||||
|C170|37|901940||2,00000|PC|19,34||0|000|2102||19,34|7,00|1,35|0||0||||||||||||||||||||
|C170|38|901940||2,00000|PC|19,34||0|000|2102||19,34|7,00|1,35|0||0||||||||||||||||||||
|C170|39|901930||2,00000|PC|10,42||0|000|2102||10,42|7,00|0,73|0||0||||||||||||||||||||
|C170|40|901930||2,00000|PC|10,80||0|000|2102||10,80|7,00|0,76|0||0||||||||||||||||||||
|C170|41|901930||2,00000|PC|10,80||0|000|2102||10,80|7,00|0,76|0||0||||||||||||||||||||
|C170|42|901930||2,00000|PC|10,80||0|000|2102||10,80|7,00|0,76|0||0||||||||||||||||||||
|C170|43|901930||2,00000|PC|10,80||0|000|2102||10,80|7,00|0,76|0||0||||||||||||||||||||
|C170|44|901930||2,00000|PC|10,80||0|000|2102||10,80|7,00|0,76|0||0||||||||||||||||||||
|C170|45|901930||2,00000|PC|10,80||0|000|2102||10,80|7,00|0,76|0||0||||||||||||||||||||
|C170|46|902020||4,00000|PC|134,68||0|000|2102||134,68|7,00|9,43|0||0||||||||||||||||||||
|C170|47|900381||4,00000|PC|44,68||0|000|2102||44,68|7,00|3,13|0||0||||||||||||||||||||
|C170|48|903381||2,00000|PC|10,04||0|000|2102||10,04|7,00|0,70|0||0||||||||||||||||||||
|C170|49|903390||2,00000|PC|10,94||0|000|2102||10,94|7,00|0,77|0||0||||||||||||||||||||
|C170|50|903400||2,00000|PC|10,94||0|000|2102||10,94|7,00|0,77|0||0||||||||||||||||||||
|C170|51|903400||2,00000|PC|10,94||0|000|2102||10,94|7,00|0,77|0||0||||||||||||||||||||
|C170|52|903400||2,00000|PC|10,94||0|000|2102||10,94|7,00|0,77|0||0||||||||||||||||||||
|C170|53|903570||4,00000|JG|98,08||0|000|2102||98,08|7,00|6,87|0||0||||||||||||||||||||
|C170|54|903571||6,00000|JG|134,52||0|000|2102||134,52|7,00|9,42|0||0||||||||||||||||||||
|C170|55|903572||4,00000|JG|409,52||0|000|2102||409,52|7,00|28,67|0||0||||||||||||||||||||
|C170|56|903573||10,00000|JG|1312,50||0|000|2102||1312,50|7,00|91,88|0||0||||||||||||||||||||
|C190|000|2102|7,00|6154,72|5457,86|382,05|0|0|0|0||
|C100|0|1|800006974|55|00|1|000161451|23110202948030000230550010001614510011614510|28022011|03032011|24747,03|1|||22497,30|1||||22497,30|3824,54||||||||
|C170|1|100210||90,00000|UD|22497,30||0|000|1102||22497,30|17,00|3824,54|0||0||||||||||||||||||||
|C190|000|1102|17,00|24747,03|22497,30|3824,54|0|0|0|0||
|C100|0|1|800006974|55|00|1|000161452|23110202948030000230550010001614520011614525|28022011|03032011|23372,20|1|||21247,45|1||||21247,45|3612,07||||||||
|C170|1|100210||85,00000|UD|21247,45||0|000|1102||21247,45|17,00|3612,07|0||0||||||||||||||||||||
|C190|000|1102|17,00|23372,20|21247,45|3612,07|0|0|0|0||
|C100|0|1|800006974|55|00|1|000161029|23110202948030000230550010001610290011610295|28022011|04032011|7815,01|1|||7104,55|1||||7104,55|1207,77||||||||
|C170|1|100210||10,00000|UD|2499,70||0|000|1102||2499,70|17,00|424,95|0||0||||||||||||||||||||
|C170|2|100160||15,00000|UD|4604,85||0|000|1102||4604,85|17,00|782,82|0||0||||||||||||||||||||
|C190|000|1102|17,00|7815,01|7104,55|1207,77|0|0|0|0||
|C100|0|1|800007051|55|00|1|000000910|43110303917302000117550010000009105826979140|01032011|30032011|2949,75|1|||2681,52|1||||2681,52|187,71||||||||
|C170|1|6010612||8,00000|UN|116,40||0|000|2102||116,40|7,00|8,15|0||0||||||||||||||||||||
|C170|2|104200||72,00000|UN|362,88||0|000|2102||362,88|7,00|25,40|0||0||||||||||||||||||||
|C170|3|104030||60,00000|UN|277,80||0|000|2102||277,80|7,00|19,45|0||0||||||||||||||||||||
|C170|4|6010610||4,00000|UN|58,20||0|000|2102||58,20|7,00|4,07|0||0||||||||||||||||||||
|C170|5|6010350||8,00000|UN|55,52||0|000|2102||55,52|7,00|3,89|0||0||||||||||||||||||||
|C170|6|6010342||16,00000|UN|178,56||0|000|2102||178,56|7,00|12,50|0||0||||||||||||||||||||
|C170|7|104400||6,00000|UN|74,40||0|000|2102||74,40|7,00|5,21|0||0||||||||||||||||||||
|C170|8|6010340||16,00000|UN|111,04||0|000|2102||111,04|7,00|7,77|0||0||||||||||||||||||||
|C170|9|6010353||8,00000|UN|66,16||0|000|2102||66,16|7,00|4,63|0||0||||||||||||||||||||
|C170|10|6010344||30,00000|UN|136,50||0|000|2102||136,50|7,00|9,55|0||0||||||||||||||||||||
|C170|11|6010710||10,00000|UN|186,00||0|000|2102||186,00|7,00|13,02|0||0||||||||||||||||||||
|C170|12|6010240||72,00000|UN|297,36||0|000|2102||297,36|7,00|20,82|0||0||||||||||||||||||||
|C170|13|6010352||8,00000|UN|89,28||0|000|2102||89,28|7,00|6,25|0||0||||||||||||||||||||
|C170|14|6010359||6,00000|UN|41,64||0|000|2102||41,64|7,00|2,91|0||0||||||||||||||||||||
|C170|15|6010363||6,00000|UN|49,62||0|000|2102||49,62|7,00|3,47|0||0||||||||||||||||||||
|C170|16|104300||72,00000|UN|380,88||0|000|2102||380,88|7,00|26,66|0||0||||||||||||||||||||
|C170|17|6010362||6,00000|UN|66,96||0|000|2102||66,96|7,00|4,69|0||0||||||||||||||||||||
|C170|18|6010343||16,00000|UN|132,32||0|000|2102||132,32|7,00|9,26|0||0||||||||||||||||||||
|C190|000|2102|7,00|2949,75|2681,52|187,71|0|0|0|0||
|C100|0|1|800006974|55|00|1|000161028|23110202948030000230550010001610280011610280|28022011|03032011|39698,62|1|||36089,65|1||||36089,65|6135,24||||||||
|C170|1|100210||15,00000|UD|3749,55||0|000|1102||3749,55|17,00|637,42|0||0||||||||||||||||||||
|C170|2|100220||5,00000|UD|1285,10||0|000|1102||1285,10|17,00|218,47|0||0||||||||||||||||||||
|C170|3|100220||5,00000|UD|1285,10||0|000|1102||1285,10|17,00|218,47|0||0||||||||||||||||||||
|C170|4|100160||10,00000|UD|3069,90||0|000|1102||3069,90|17,00|521,88|0||0||||||||||||||||||||
|C170|5|100200||100,00000|UD|26700,00||0|000|1102||26700,00|17,00|4539,00|0||0||||||||||||||||||||
|C190|000|1102|17,00|39698,62|36089,65|6135,24|0|0|0|0||
|C100|0|1|800006974|55|00|1|000161027|23110202948030000230550010001610270011610274|28022011|03032011|32197,22|1|||29270,20|1||||29270,20|4975,93||||||||
|C170|1|100220||5,00000|UD|1285,10||0|000|1102||1285,10|17,00|218,47|0||0||||||||||||||||||||
|C170|2|100220||5,00000|UD|1285,10||0|000|1102||1285,10|17,00|218,47|0||0||||||||||||||||||||
|C170|3|100200||100,00000|UD|26700,00||0|000|1102||26700,00|17,00|4539,00|0||0||||||||||||||||||||
|C190|000|1102|17,00|32197,22|29270,20|4975,93|0|0|0|0||
|C100|0|1|800007042|55|00|2|000142567|42110282984287000104550020001425670005024396|22022011|04032011|1208,70|1|||1051,04|1||||1051,04|73,57||||||||
|C170|1|950500||1,00000|UN|1051,04||0|000|2102||1051,04|7,00|73,57|0||0||||||||||||||||||||
|C190|000|2102|7,00|1208,70|1051,04|73,57|0|0|0|0||
|C100|0|1|800007037|55|00|1|000071719|31110320520367000224550010000717190000712015|02032011|26032011|1579,33|1|||1344,36|1||||1344,36|94,11||||||||
|C170|1|290153||6,00000|UN|1005,36||0|000|2102||1005,36|7,00|70,38|0||0||||||||||||||||||||
|C170|2|290340||12,00000|UN|339,00||0|000|2102||339,00|7,00|23,73|0||0||||||||||||||||||||
|C190|000|2102|7,00|1579,33|1344,36|94,11|0|0|0|0||
|C100|0|1|800007041|55|00|1|000087412|29110307666567000140550010000874121000874123|14032011|26032011|108,10|9|||94,00|1||||94,00|11,28||||||||
|C170|1|120180||2,00000|PC|94,00||0|000|2102||94,00|12,00|11,28|0||0||||||||||||||||||||
|C190|000|2102|12,00|108,10|94,00|11,28|0|0|0|0||
|C100|0|1|800007041|55|00|1|000087410|29110307666567000140550010000874101000874102|14032011|26032011|4557,17|1|||4046,08|1||||4046,08|485,53||||||||
|C170|1|120030||20,00000|PC|1210,00||0|000|2102||1210,00|12,00|145,20|0||0||||||||||||||||||||
|C170|2|120040||12,00000|PC|520,80||0|000|2102||520,80|12,00|62,50|0||0||||||||||||||||||||
|C170|3|120050||12,00000|PC|1116,00||0|000|2102||1116,00|12,00|133,92|0||0||||||||||||||||||||
|C170|4|120110||12,00000|PC|1199,28||0|000|2102||1199,28|12,00|143,91|0||0||||||||||||||||||||
|C190|000|2102|12,00|4557,17|4046,08|485,53|0|0|0|0||
|C100|0|1|800007041|55|00|1|000087411|29110307666567000140550010000874111000874118|14032011|26032011|1965,48|1|||1786,80|1||||1786,80|214,42||||||||
|C170|1|120130||12,00000|PC|372,00||0|000|2102||372,00|12,00|44,64|0||0||||||||||||||||||||
|C170|2|120170||4,00000|PC|745,20||0|000|2102||745,20|12,00|89,42|0||0||||||||||||||||||||
|C170|3|120020||12,00000|PC|669,60||0|000|2102||669,60|12,00|80,35|0||0||||||||||||||||||||
|C190|000|2102|12,00|1965,48|1786,80|214,42|0|0|0|0||
|C100|0|1|800006990|55|00|2|000028735|13110204403408000165550020000287351665440960|17022011|03032011|3809,70|1|||3809,70|1||||3809,70|457,16||||||||
|C170|1|180243||10,00000|PEC|3809,70||0|000|2102||3809,70|12,00|457,16|0||0||||||||||||||||||||
|C190|000|2102|12,00|3809,70|3809,70|457,16|0|0|0|0||
|C100|0|1|800006990|55|00|2|000029069|13110204403408000165550020000290691074537133|24022011|14032011|719,72|1|||719,72|1||||719,72|86,37||||||||
|C170|1|180190||2,00000|PEC|719,72||0|000|2102||719,72|12,00|86,37|0||0||||||||||||||||||||
|C190|000|2102|12,00|719,72|719,72|86,37|0|0|0|0||
|C100|0|1|800006990|55|00|2|000029068|13110204403408000165550020000290681074505790|24022011|14032011|3386,96|1|||3386,96|1||||3386,96|406,44||||||||
|C170|1|180190||8,00000|PEC|3386,96||0|000|2102||3386,96|12,00|406,44|0||0||||||||||||||||||||
|C190|000|2102|12,00|3386,96|3386,96|406,44|0|0|0|0||
|C100|0|1|800006992|55|00|1|000069485|35110304403408000912550010000694851719124492|10032011|21032011|1372,07|1|||1247,34|1||||1247,34|87,31||||||||
|C170|1|180580||6,00000|PEC|1247,34||0|000|2102||1247,34|7,00|87,31|0||0||||||||||||||||||||
|C190|000|2102|7,00|1372,07|1247,34|87,31|0|0|0|0||
|C100|0|1|800006990|55|00|2|000029327|13110304403408000165550020000293271721296185|03032011|21032011|5442,00|1|||5442,00|1||||5442,00|653,04||||||||
|C170|1|180400||15,00000|PEC|5442,00||0|000|2102||5442,00|12,00|653,04|0||0||||||||||||||||||||
|C190|000|2102|12,00|5442,00|5442,00|653,04|0|0|0|0||
|C100|0|1|800006992|55|00|1|000068708|35110204403408000912550010000687081797878946|25022011|16032011|7382,82|1|||6657,42|1||||6657,42|466,02||||||||
|C170|1|180540||6,00000|PEC|1193,10||0|000|2102||1193,10|7,00|83,52|0||0||||||||||||||||||||
|C170|2|180590||12,00000|PEC|1744,32||0|000|2102||1744,32|7,00|122,10|0||0||||||||||||||||||||
|C170|3|180290||30,00000|PEC|2172,60||0|000|2102||2172,60|7,00|152,08|0||0||||||||||||||||||||
|C170|4|180280||30,00000|PEC|1547,40||0|000|2102||1547,40|7,00|108,32|0||0||||||||||||||||||||
|C190|000|2102|7,00|7382,82|6657,42|466,02|0|0|0|0||
|C100|0|1|800006990|55|00|2|000029219|13110204403408000165550020000292191902051345|25022011|21032011|6050,00|1|||6050,00|1||||6050,00|726,00||||||||
|C170|1|SC-AKX50LB-K||10,00000|PEC|6050,00||0|000|2102||6050,00|12,00|726,00|0||0||||||||||||||||||||
|C190|000|2102|12,00|6050,00|6050,00|726,00|0|0|0|0||
|C100|0|1|800008026|01|00|1|0008437||01032011|01032011|392,45|9|||392,45|9||||392,45|66,72||||||||
|C170|1|040453||1,00000|UN|392,45||0|000|1152||392,45|17,00|66,72|0||0||||||||||||||||||||
|C190|000|1152|17,00|392,45|392,45|66,72|0|0|0|0||
|C100|0|1|800008026|01|00|1|0008439||02032011|02032011|706,82|9|||706,82|9||||706,82|120,16||||||||
|C170|1|100220||1,00000|UN|239,00||0|000|1152||239,00|17,00|40,63|0||0||||||||||||||||||||
|C170|2|520750||3,00000|UN|55,71||0|000|1152||55,71|17,00|9,47|0||0||||||||||||||||||||
|C170|3|680470||3,00000|UN|48,21||0|000|1152||48,21|17,00|8,20|0||0||||||||||||||||||||
|C170|4|902450||2,00000|UN|223,80||0|000|1152||223,80|17,00|38,05|0||0||||||||||||||||||||
|C170|5|901830||5,00000|UN|116,10||0|000|1152||116,10|17,00|19,74|0||0||||||||||||||||||||
|C170|6|106060||2,00000|UN|24,00||0|000|1152||24,00|17,00|4,08|0||0||||||||||||||||||||
|C190|000|1152|17,00|706,82|706,82|120,16|0|0|0|0||
|C100|0|1|800008026|01|00|1|0008440||03032011|03032011|60,69|9|||60,69|9||||60,69|10,32||||||||
|C170|1|104090||2,00000|UN|60,69||0|000|1152||60,69|17,00|10,32|0||0||||||||||||||||||||
|C190|000|1152|17,00|60,69|60,69|10,32|0|0|0|0||
|C100|0|1|800008026|01|00|1|0008442||10032011|10032011|128,77|9|||128,77|9||||128,77|21,89||||||||
|C170|1|150240||1,00000|UN|36,10||0|000|1152||36,10|17,00|6,14|0||0||||||||||||||||||||
|C170|2|150410||1,00000|UN|31,91||0|000|1152||31,91|17,00|5,42|0||0||||||||||||||||||||
|C170|3|120020||1,00000|UN|60,76||0|000|1152||60,76|17,00|10,33|0||0||||||||||||||||||||
|C190|000|1152|17,00|128,77|128,77|21,89|0|0|0|0||
|C100|0|1|800008026|01|00|1|0008444||10032011|10032011|132,00|9|||132,00|9||||132,00|22,44||||||||
|C170|1|200360||1,00000|UN|132,00||0|000|1152||132,00|17,00|22,44|0||0||||||||||||||||||||
|C190|000|1152|17,00|132,00|132,00|22,44|0|0|0|0||
|C100|0|1|800008026|01|00|1|0008445||11032011|11032011|170,72|9|||170,72|9||||170,72|29,02||||||||
|C170|1|070420||1,00000|PC|170,72||0|000|1152||170,72|17,00|29,02|0||0||||||||||||||||||||
|C190|000|1152|17,00|170,72|170,72|29,02|0|0|0|0||
|C100|0|1|800008026|01|00|1|0008447||14032011|14032011|192,08|9|||192,08|9||||192,08|32,65||||||||
|C170|1|330210||4,00000|UN|192,08||0|000|1152||192,08|17,00|32,65|0||0||||||||||||||||||||
|C190|000|1152|17,00|192,08|192,08|32,65|0|0|0|0||
|C100|0|1|800008026|01|00|1|0008448||14032011|14032011|280,81|9|||280,81|9||||280,81|47,74||||||||
|C170|1|050543||1,00000|UN|280,81||0|000|1152||280,81|17,00|47,74|0||0||||||||||||||||||||
|C190|000|1152|17,00|280,81|280,81|47,74|0|0|0|0||
|C100|0|1|800008026|01|00|1|0008450||14032011|14032011|36,43|9|||36,43|9||||36,43|6,19||||||||
|C170|1|090240||1,00000|UN|36,43||0|000|1152||36,43|17,00|6,19|0||0||||||||||||||||||||
|C190|000|1152|17,00|36,43|36,43|6,19|0|0|0|0||
|C100|0|1|800008026|01|00|1|0008453||14032011|14032011|623,52|9|||623,52|9||||623,52|106,00||||||||
|C170|1|051070||1,00000|UN|623,52||0|000|1152||623,52|17,00|106,00|0||0||||||||||||||||||||
|C190|000|1152|17,00|623,52|623,52|106,00|0|0|0|0||
|C100|0|1|800008026|01|00|1|0008454||14032011|14032011|275,51|9|||275,51|9||||275,51|46,84||||||||
|C170|1|050830||1,00000|UN|275,51||0|000|1152||275,51|17,00|46,84|0||0||||||||||||||||||||
|C190|000|1152|17,00|275,51|275,51|46,84|0|0|0|0||
|C100|0|1|800006990|55|00|2|000029208|13110204403408000165550020000292081901847630|25022011|21032011|30850,30|1|||30850,30|1||||30850,30|3702,04||||||||
|C170|1|180190||10,00000|PEC|4233,70||0|000|2102||4233,70|12,00|508,04|0||0||||||||||||||||||||
|C170|2|180203||30,00000|PEC|8158,50||0|000|2102||8158,50|12,00|979,02|0||0||||||||||||||||||||
|C170|3|SC-AKX70LB-K||5,00000|PEC|4539,60||0|000|2102||4539,60|12,00|544,75|0||0||||||||||||||||||||
|C170|4|SC-PT75LB-K||10,00000|PEC|3628,00||0|000|2102||3628,00|12,00|435,36|0||0||||||||||||||||||||
|C170|5|SC-PT580LB-K||5,00000|PEC|3631,05||0|000|2102||3631,05|12,00|435,73|0||0||||||||||||||||||||
|C170|6|TC-L42S20B||5,00000|PEC|6659,45||0|000|2102||6659,45|12,00|799,13|0||0||||||||||||||||||||
|C190|000|2102|12,00|30850,30|30850,30|3702,04|0|0|0|0||
|C100|0|1|800008026|01|00|1|0008456||15032011|15032011|72,33|9|||72,33|9||||72,33|12,30||||||||
|C170|1|290250||1,00000|UN|72,33||0|000|1152||72,33|17,00|12,30|0||0||||||||||||||||||||
|C190|000|1152|17,00|72,33|72,33|12,30|0|0|0|0||
|C100|0|1|800008026|01|00|1|0008457||16032011|16032011|248,31|9|||248,31|9||||248,31|42,21||||||||
|C170|1|100200||1,00000|UN|248,31||0|000|1152||248,31|17,00|42,21|0||0||||||||||||||||||||
|C190|000|1152|17,00|248,31|248,31|42,21|0|0|0|0||
|C100|0|1|800006990|55|00|2|000028817|13110204403408000165550020000288171202673320|18022011|03032011|5796,60|1|||5796,60|1||||5796,60|695,59||||||||
|C170|1|180233||30,00000|PEC|5796,60||0|000|2102||5796,60|12,00|695,59|0||0||||||||||||||||||||
|C190|000|2102|12,00|5796,60|5796,60|695,59|0|0|0|0||
|C100|0|1|800006990|55|00|2|000029207|13110204403408000165550020000292071901816290|25022011|21032011|12716,30|1|||12716,30|1||||12716,30|1525,96||||||||
|C170|1|TC-P50V20B||5,00000|PEC|12716,30||0|000|2102||12716,30|12,00|1525,96|0||0||||||||||||||||||||
|C190|000|2102|12,00|12716,30|12716,30|1525,96|0|0|0|0||
|C100|0|1|800006991|55|00|1|000107238|13110163699839000180550010001072381422101273|27012011|04032011|18961,80|1|||18536,96|1|424,84|||18961,80|2275,42||||||||
|C170|1|040290||26,00000|PC|18536,96||0|000|2102||18961,80|12,00|2275,42|0||0||||||||||||||||||||
|C190|000|2102|12,00|18961,80|18961,80|2275,42|0|0|0|0||
|C100|0|1|800008028|55|00|1|000301069|35110259105999000348550010003010691616026304|27022011|10032011|3094,62|1|||2690,97|1||||2690,97|188,37||||||||
|C170|1|030700||1,00000|PC|2690,97||0|000|2102||2690,97|7,00|188,37|0||0||||||||||||||||||||
|C190|000|2102|7,00|3094,62|2690,97|188,37|0|0|0|0||
|C100|0|1|800006986|55|00|1|000486941|42110259105999003959550010004869411729869366|27022011|16032011|7368,00|1|||6140,00|1||||6140,00|429,80||||||||
|C170|1|030253||8,00000|PC|6140,00||0|000|2102||6140,00|7,00|429,80|0||0||||||||||||||||||||
|C190|000|2102|7,00|7368,00|6140,00|429,80|0|0|0|0||
|C100|0|1|800008026|01|00|1|0008459||16032011|16032011|692,79|9|||692,79|9||||692,79|117,77||||||||
|C170|1|031130||1,00000|UN|665,90||0|000|1152||665,90|17,00|113,20|0||0||||||||||||||||||||
|C170|2|290180||1,00000|UN|26,89||0|000|1152||26,89|17,00|4,57|0||0||||||||||||||||||||
|C190|000|1152|17,00|692,79|692,79|117,77|0|0|0|0||
|C100|0|1|800008028|55|00|1|000307768|35110359105999000348550010003077681526176309|16032011|29032011|7965,13|1|||6745,50|1||||6745,50|472,19||||||||
|C170|1|030293||5,00000|PC|4156,10||0|000|2102||4156,10|7,00|290,93|0||0||||||||||||||||||||
|C170|2|030533||10,00000|PC|2589,40||0|000|2102||2589,40|7,00|181,26|0||0||||||||||||||||||||
|C190|000|2102|7,00|7965,13|6745,50|472,19|0|0|0|0||
|C100|0|1|800008028|55|00|1|000307769|35110359105999000348550010003077691190846166|16032011|29032011|6818,01|1|||5928,70|1||||5928,70|415,01||||||||
|C170|1|031130||10,00000|PC|5928,70||0|000|2102||5928,70|7,00|415,01|0||0||||||||||||||||||||
|C190|000|2102|7,00|6818,01|5928,70|415,01|0|0|0|0||
|C100|0|1|800008028|55|00|1|000307770|35110359105999000348550010003077701137621512|16032011|29032011|15199,93|1|||13612,35|1||||13612,35|952,86||||||||
|C170|1|030630||5,00000|PC|4278,55||0|000|2102||4278,55|7,00|299,50|0||0||||||||||||||||||||
|C170|2|031273||5,00000|PC|5861,40||0|000|2102||5861,40|7,00|410,30|0||0||||||||||||||||||||
|C170|3|031273||1,00000|PC|820,60||0|000|2102||820,60|7,00|57,44|0||0||||||||||||||||||||
|C170|4|030553||5,00000|PC|2651,80||0|000|2102||2651,80|7,00|185,63|0||0||||||||||||||||||||
|C190|000|2102|7,00|15199,93|13612,35|952,86|0|0|0|0||
|C100|0|1|800008026|01|00|1|0008460||16032011|16032011|186,02|9|||186,02|9||||186,02|31,62||||||||
|C170|1|180253||1,00000|UN|186,02||0|000|1152||186,02|17,00|31,62|0||0||||||||||||||||||||
|C190|000|1152|17,00|186,02|186,02|31,62|0|0|0|0||
|C100|0|1|800008028|55|00|1|000307771|35110359105999000348550010003077711065578656|16032011|29032011|3554,42|1|||3090,80|1||||3090,80|216,36||||||||
|C170|1|030523||20,00000|PC|3090,80||0|000|2102||3090,80|7,00|216,36|0||0||||||||||||||||||||
|C190|000|2102|7,00|3554,42|3090,80|216,36|0|0|0|0||
|C100|0|1|800008026|01|00|1|0008461||16032011|16032011|481,76|9|||481,76|9||||481,76|81,90||||||||
|C170|1|030433||1,00000|UN|481,76||0|000|1152||481,76|17,00|81,90|0||0||||||||||||||||||||
|C190|000|1152|17,00|481,76|481,76|81,90|0|0|0|0||
|C100|0|1|800008028|55|00|1|000307772|35110359105999000348550010003077721508691283|16032011|29032011|6192,48|1|||5897,60|1||||5897,60|412,83||||||||
|C170|1|031190||10,00000|PC|5897,60||0|000|2102||5897,60|7,00|412,83|0||0||||||||||||||||||||
|C190|000|2102|7,00|6192,48|5897,60|412,83|0|0|0|0||
|C100|0|1|800008026|01|00|1|0008462||17032011|17032011|1278,12|9|||1278,12|9||||1278,12|217,28||||||||
|C170|1|180390||2,00000|UN|1278,12||0|000|1152||1278,12|17,00|217,28|0||0||||||||||||||||||||
|C190|000|1152|17,00|1278,12|1278,12|217,28|0|0|0|0||
|C100|0|1|800006983|55|00|1|000034026|26110359105999006036550010000340260105170000|27032011|31032011|15993,60|1|||13328,00|1||||13328,00|1599,36||||||||
|C170|1|040453||20,00000|PC|6356,20||0|000|2102||6356,20|12,00|762,74|0||0||||||||||||||||||||
|C170|2|030373||11,00000|PC|6971,80||0|000|2102||6971,80|12,00|836,62|0||0||||||||||||||||||||
|C190|000|2102|12,00|15993,60|13328,00|1599,36|0|0|0|0||
|C100|0|1|800006983|55|00|1|000033282|26110359105999006036550010000332820496031352|16032011|22032011|6396,05|1|||5934,56|1||||5934,56|712,15||||||||
|C170|1|030383||2,00000|PC|1400,66||0|000|2102||1400,66|12,00|168,08|0||0||||||||||||||||||||
|C170|2|030443||6,00000|PC|4533,90||0|000|2102||4533,90|12,00|544,07|0||0||||||||||||||||||||
|C190|000|2102|12,00|6396,05|5934,56|712,15|0|0|0|0||
|C100|0|1|800006983|55|00|1|000033287|26110359105999006036550010000332870077088688|16032011|22032011|26770,13|1|||22771,06|1||||22771,06|2732,53||||||||
|C170|1|040213||2,00000|PC|1430,52||0|000|2102||1430,52|12,00|171,66|0||0||||||||||||||||||||
|C170|2|030363||10,00000|PC|5712,00||0|000|2102||5712,00|12,00|685,44|0||0||||||||||||||||||||
|C170|3|030383||18,00000|PC|12605,94||0|000|2102||12605,94|12,00|1512,71|0||0||||||||||||||||||||
|C170|4|030443||4,00000|PC|3022,60||0|000|2102||3022,60|12,00|362,71|0||0||||||||||||||||||||
|C190|000|2102|12,00|26770,13|22771,06|2732,53|0|0|0|0||
|C100|0|1|800008026|01|00|1|0008465||19032011|19032011|23,27|9|||23,27|9||||23,27|3,96||||||||
|C170|1|910720||1,00000|UN|23,27||0|000|1152||23,27|17,00|3,96|0||0||||||||||||||||||||
|C190|000|1152|17,00|23,27|23,27|3,96|0|0|0|0||
|C100|0|1|800006986|55|00|1|000499797|42110359105999003959550010004997971656980217|17032011|29032011|6245,83|1|||5431,16|1||||5431,16|380,18||||||||
|C170|1|040223||7,00000|PC|5431,16||0|000|2102||5431,16|7,00|380,18|0||0||||||||||||||||||||
|C190|000|2102|7,00|6245,83|5431,16|380,18|0|0|0|0||
|C100|0|1|800006986|55|00|1|000499798|42110359105999003959550010004997981425174808|17032011|29032011|32113,26|1|||27470,97|1||||27470,97|1922,97||||||||
|C170|1|030130||10,00000|PC|10231,20||0|000|2102||10231,20|7,00|716,18|0||0||||||||||||||||||||
|C170|2|030033||5,00000|PC|5970,95||0|000|2102||5970,95|7,00|417,97|0||0||||||||||||||||||||
|C170|3|030033||1,00000|PC|835,92||0|000|2102||835,92|7,00|58,51|0||0||||||||||||||||||||
|C170|4|030353||10,00000|PC|10432,90||0|000|2102||10432,90|7,00|730,30|0||0||||||||||||||||||||
|C190|000|2102|7,00|32113,26|27470,97|1922,97|0|0|0|0||
|C100|0|1|800006986|55|00|1|000503056|42110359105999003959550010005030561408635503|21032011|31032011|1504,12|1|||1307,93|1||||1307,93|91,56||||||||
|C170|1|030830||1,00000|PC|1307,93||0|000|2102||1307,93|7,00|91,56|0||0||||||||||||||||||||
|C190|000|2102|7,00|1504,12|1307,93|91,56|0|0|0|0||
|C100|0|1|800006991|55|00|1|000110419|13110263699839000180550010001104191196189641|10022011|22032011|11934,80|1|||11608,00|1|326,80|||11934,80|1432,18||||||||
|C170|1|040250||20,00000|PC|11608,00||0|000|2102||11934,80|12,00|1432,18|0||0||||||||||||||||||||
|C190|000|2102|12,00|11934,80|11934,80|1432,18|0|0|0|0||
|C100|0|1|800006991|55|00|1|000110654|13110263699839000180550010001106541368848869|11022011|10032011|2983,70|1|||2902,00|1|81,70|||2983,70|358,04||||||||
|C170|1|040250||5,00000|PC|2902,00||0|000|2102||2983,70|12,00|358,04|0||0||||||||||||||||||||
|C190|000|2102|12,00|2983,70|2983,70|358,04|0|0|0|0||
|C100|0|1|800006991|55|00|1|000112016|13110263699839000180550010001120161451341267|19022011|22032011|7548,00|1|||7043,90|1|504,10|||7548,00|905,76||||||||
|C170|1|040530||10,00000|PC|2854,00||0|000|2102||3017,40|12,00|362,09|0||0||||||||||||||||||||
|C170|2|040530||10,00000|PC|4189,90||0|000|2102||4530,60|12,00|543,67|0||0||||||||||||||||||||
|C190|000|2102|12,00|7548,00|7548,00|905,76|0|0|0|0||
|C100|0|1|800006991|55|00|1|000112017|13110263699839000180550010001120171718389429|19022011|22032011|1086,98|1|||986,16|1|100,82|||1086,98|130,44||||||||
|C170|1|040530||2,00000|PC|399,58||0|000|2102||432,26|12,00|51,87|0||0||||||||||||||||||||
|C170|2|040530||2,00000|PC|586,58||0|000|2102||654,72|12,00|78,57|0||0||||||||||||||||||||
|C190|000|2102|12,00|1086,98|1086,98|130,44|0|0|0|0||
|C100|0|1|800006991|55|00|1|000112018|13110263699839000180550010001120181326407252|19022011|22032011|7548,00|1|||7043,90|1|504,10|||7548,00|905,76||||||||
|C170|1|040530||10,00000|PC|2854,00||0|000|2102||3017,40|12,00|362,09|0||0||||||||||||||||||||
|C170|2|040530||10,00000|PC|4189,90||0|000|2102||4530,60|12,00|543,67|0||0||||||||||||||||||||
|C190|000|2102|12,00|7548,00|7548,00|905,76|0|0|0|0||
|C100|0|1|800006991|55|00|1|000112019|13110263699839000180550010001120191534286389|19022011|22032011|1086,98|1|||986,16|1|100,82|||1086,98|130,44||||||||
|C170|1|040530||2,00000|PC|399,58||0|000|2102||432,26|12,00|51,87|0||0||||||||||||||||||||
|C170|2|040530||2,00000|PC|586,58||0|000|2102||654,72|12,00|78,57|0||0||||||||||||||||||||
|C190|000|2102|12,00|1086,98|1086,98|130,44|0|0|0|0||
|C100|0|1|800008028|55|00|1|000305716|35110359105999000348550010003057161165912557|11032011|30032011|7367,24|1|||7016,42|1||||7016,42|491,15||||||||
|C170|1|031283||5,00000|PC|6154,75||0|000|2102||6154,75|7,00|430,83|0||0||||||||||||||||||||
|C170|2|031283||1,00000|PC|861,67||0|000|2102||861,67|7,00|60,32|0||0||||||||||||||||||||
|C190|000|2102|7,00|7367,24|7016,42|491,15|0|0|0|0||
|C100|0|1|800006986|55|00|1|000493785|42110359105999003959550010004937851231294306|09032011|21032011|5166,84|1|||4492,90|1||||4492,90|314,50||||||||
|C170|1|030940||5,00000|PC|4492,90||0|000|2102||4492,90|7,00|314,50|0||0||||||||||||||||||||
|C190|000|2102|7,00|5166,84|4492,90|314,50|0|0|0|0||
|C100|0|1|800006986|55|00|1|000493786|42110359105999003959550010004937861337476669|09032011|21032011|1702,22|1|||1309,40|1||||1309,40|91,66||||||||
|C170|1|031263||5,00000|PC|1148,60||0|000|2102||1148,60|7,00|80,40|0||0||||||||||||||||||||
|C170|2|031263||1,00000|PC|160,80||0|000|2102||160,80|7,00|11,26|0||0||||||||||||||||||||
|C190|000|2102|7,00|1702,22|1309,40|91,66|0|0|0|0||
|C100|0|1|800006986|55|00|1|000493788|42110359105999003959550010004937881556412504|09032011|21032011|8341,20|1|||6951,00|1||||6951,00|486,57||||||||
|C170|1|030303||7,00000|PC|6951,00||0|000|2102||6951,00|7,00|486,57|0||0||||||||||||||||||||
|C190|000|2102|7,00|8341,20|6951,00|486,57|0|0|0|0||
|C100|0|1|800006986|55|00|1|000493789|42110359105999003959550010004937891117810022|09032011|21032011|7677,66|1|||6676,23|1||||6676,23|467,34||||||||
|C170|1|030870||3,00000|PC|6676,23||0|000|2102||6676,23|7,00|467,34|0||0||||||||||||||||||||
|C190|000|2102|7,00|7677,66|6676,23|467,34|0|0|0|0||
|C100|0|1|800006986|55|00|1|000493790|42110359105999003959550010004937901732249397|09032011|21032011|12796,11|1|||11127,05|1||||11127,05|778,89||||||||
|C170|1|030870||5,00000|PC|11127,05||0|000|2102||11127,05|7,00|778,89|0||0||||||||||||||||||||
|C190|000|2102|7,00|12796,11|11127,05|778,89|0|0|0|0||
|C100|0|1|800008028|55|00|1|000305715|35110359105999000348550010003057151590276014|11032011|30032011|8424,00|1|||8100,00|1||||8100,00|567,00||||||||
|C170|1|040383||20,00000|PC|8100,00||0|000|2102||8100,00|7,00|567,00|0||0||||||||||||||||||||
|C190|000|2102|7,00|8424,00|8100,00|567,00|0|0|0|0||
|C100|0|1|800006983|55|00|1|000034027|26110359105999006036550010000340270046052164|27032011|31032011|6083,17|1|||5849,20|1||||5849,20|701,90||||||||
|C170|1|040393||10,00000|PC|5849,20||0|000|2102||5849,20|12,00|701,90|0||0||||||||||||||||||||
|C190|000|2102|12,00|6083,17|5849,20|701,90|0|0|0|0||
|C100|0|1|800006986|55|00|1|000493802|42110359105999003959550010004938021235791510|09032011|21032011|40335,14|1|||35354,64|1||||35354,64|2474,82||||||||
|C170|1|040123||20,00000|PC|7781,40||0|000|2102||7781,40|7,00|544,70|0||0||||||||||||||||||||
|C170|2|040133||30,00000|PC|12114,60||0|000|2102||12114,60|7,00|848,02|0||0||||||||||||||||||||
|C170|3|040203||6,00000|PC|5054,04||0|000|2102||5054,04|7,00|353,78|0||0||||||||||||||||||||
|C170|4|040560||10,00000|PC|1513,30||0|000|2102||1513,30|7,00|105,93|0||0||||||||||||||||||||
|C170|5|040550||30,00000|PC|2088,90||0|000|2102||2088,90|7,00|146,22|0||0||||||||||||||||||||
|C170|6|040570||30,00000|PC|2851,80||0|000|2102||2851,80|7,00|199,63|0||0||||||||||||||||||||
|C170|7|040430||10,00000|PC|1723,20||0|000|2102||1723,20|7,00|120,62|0||0||||||||||||||||||||
|C170|8|040440||10,00000|PC|2227,40||0|000|2102||2227,40|7,00|155,92|0||0||||||||||||||||||||
|C190|000|2102|7,00|40335,14|35354,64|2474,82|0|0|0|0||
|C100|0|1|800006986|55|00|1|000493803|42110359105999003959550010004938031004475245|09032011|21032011|45061,20|1|||39183,66|1||||39183,66|2742,86||||||||
|C170|1|030133||5,00000|PC|4455,75||0|000|2102||4455,75|7,00|311,90|0||0||||||||||||||||||||
|C170|2|030030||5,00000|PC|7338,80||0|000|2102||7338,80|7,00|513,72|0||0||||||||||||||||||||
|C170|3|030103||5,00000|PC|7058,85||0|000|2102||7058,85|7,00|494,12|0||0||||||||||||||||||||
|C170|4|030100||10,00000|PC|16065,40||0|000|2102||16065,40|7,00|1124,58|0||0||||||||||||||||||||
|C170|5|030030||1,00000|PC|1027,43||0|000|2102||1027,43|7,00|71,92|0||0||||||||||||||||||||
|C170|6|030103||1,00000|PC|988,23||0|000|2102||988,23|7,00|69,18|0||0||||||||||||||||||||
|C170|7|030100||2,00000|PC|2249,20||0|000|2102||2249,20|7,00|157,44|0||0||||||||||||||||||||
|C190|000|2102|7,00|45061,20|39183,66|2742,86|0|0|0|0||
|C100|0|1|800006986|55|00|1|000493804|42110359105999003959550010004938041188057643|09032011|21032011|1937,38|1|||1684,68|1||||1684,68|117,93||||||||
|C170|1|040203||2,00000|PC|1684,68||0|000|2102||1684,68|7,00|117,93|0||0||||||||||||||||||||
|C190|000|2102|7,00|1937,38|1684,68|117,93|0|0|0|0||
|C100|0|1|2485|55|00|0|000101289|23110324073694000589550000001012899766127877|10032011|10032011|8500,00|0|||8500,00|1||||8500,00|1445,00||||||||
|C170|1|270010||20,00000|UN|8500,00||0|000|1102||8500,00|17,00|1445,00|0||0||||||||||||||||||||
|C190|000|1102|17,00|8500,00|8500,00|1445,00|0|0|0|0||
|C100|0|1|800006986|55|00|1|000493787|42110359105999003959550010004937871516508775|09032011|21032011|3958,71|1|||3045,16|1||||3045,16|213,16||||||||
|C170|1|031260||10,00000|PC|2671,20||0|000|2102||2671,20|7,00|186,98|0||0||||||||||||||||||||
|C170|2|031260||2,00000|PC|373,96||0|000|2102||373,96|7,00|26,18|0||0||||||||||||||||||||
|C190|000|2102|7,00|3958,71|3045,16|213,16|0|0|0|0||
|C100|0|1|800012653|55|00|1|000001024|35110310259970000160550010000010241000416469|02032011|02032011|1889,55|1|99,45||1989,00|1||||0|0||||||||
|C170|1|102070||1,00000|PC|58,50|2,86|0|000|2102|||3,48||0||0||||||||55,64||||||55,64||||||
|C170|2|102071||1,00000|PC|63,00|3,15|0|000|2102|||3,48||0||0||||||||59,85||||||59,85||||||
|C170|3|102072||1,00000|PC|72,00|3,60|0|000|2102|||3,48||0||0||||||||68,40||||||68,40||||||
|C170|4|0000000000081||1,00000|PC|58,50|2,93|0|000|2102|||3,48||0||0||||||||55,57||||||55,57||||||
|C170|5|0000000000082||1,00000|PC|63,00|3,15|0|000|2102|||3,48||0||0||||||||59,85||||||59,85||||||
|C170|6|0000000000083||1,00000|PC|72,00|3,60|0|000|2102|||3,48||0||0||||||||68,40||||||68,40||||||
|C170|7|102080||1,00000|PC|54,00|2,70|0|000|2102|||3,48||0||0||||||||51,30||||||51,30||||||
|C170|8|102081||1,00000|PC|49,50|2,48|0|000|2102|||3,48||0||0||||||||47,02||||||47,02||||||
|C170|9|102090||1,00000|PC|63,00|3,15|0|000|2102|||3,48||0||0||||||||59,85||||||59,85||||||
|C170|10|102090||1,00000|PC|63,00|3,15|0|000|2102|||3,48||0||0||||||||59,85||||||59,85||||||
|C170|11|102100||1,00000|PC|49,50|2,48|0|000|2102|||3,48||0||0||||||||47,02||||||47,02||||||
|C170|12|102101||1,00000|PC|54,00|2,70|0|000|2102|||3,48||0||0||||||||51,30||||||51,30||||||
|C170|13|102200||1,00000|PC|63,00|3,15|0|000|2102|||3,48||0||0||||||||59,85||||||59,85||||||
|C170|14|102201||1,00000|PC|67,50|3,38|0|000|2102|||3,48||0||0||||||||64,12||||||64,12||||||
|C170|15|102202||1,00000|PC|72,00|3,60|0|000|2102|||3,48||0||0||||||||68,40||||||68,40||||||
|C170|16|102300||1,00000|PC|58,50|2,93|0|000|2102|||3,48||0||0||||||||55,57||||||55,57||||||
|C170|17|102301||1,00000|PC|63,00|3,15|0|000|2102|||3,48||0||0||||||||59,85||||||59,85||||||
|C170|18|102400||1,00000|PC|67,50|3,38|0|000|2102|||3,48||0||0||||||||64,12||||||64,12||||||
|C170|19|102401||1,00000|PC|67,50|3,38|0|000|2102|||3,48||0||0||||||||64,12||||||64,12||||||
|C170|20|102402||1,00000|PC|72,00|3,60|0|000|2102|||3,48||0||0||||||||68,40||||||68,40||||||
|C170|21|102500||1,00000|PC|58,50|2,93|0|000|2102|||3,48||0||0||||||||55,57||||||55,57||||||
|C170|22|102501||1,00000|PC|54,00|2,70|0|000|2102|||3,48||0||0||||||||51,30||||||51,30||||||
|C170|23|102502||1,00000|PC|49,50|2,48|0|000|2102|||3,48||0||0||||||||47,02||||||47,02||||||
|C170|24|102600||1,00000|PC|58,50|2,93|0|000|2102|||3,48||0||0||||||||55,57||||||55,57||||||
|C170|25|102601||1,00000|PC|63,00|3,15|0|000|2102|||3,48||0||0||||||||59,85||||||59,85||||||
|C170|26|102700||1,00000|PC|54,00|2,70|0|000|2102|||3,48||0||0||||||||51,30||||||51,30||||||
|C170|27|102800||1,00000|PC|72,00|3,60|0|000|2102|||3,48||0||0||||||||68,40||||||68,40||||||
|C170|28|102801||1,00000|PC|63,00|3,15|0|000|2102|||3,48||0||0||||||||59,85||||||59,85||||||
|C170|29|102802||1,00000|PC|58,50|2,93|0|000|2102|||3,48||0||0||||||||55,57||||||55,57||||||
|C170|30|102803||1,00000|PC|72,00|3,60|0|000|2102|||3,48||0||0||||||||68,40||||||68,40||||||
|C170|31|102804||1,00000|PC|58,50|2,93|0|000|2102|||3,48||0||0||||||||55,57||||||55,57||||||
|C170|32|102900||1,00000|PC|76,50|3,83|0|000|2102|||3,48||0||0||||||||72,67||||||72,67||||||
|C190|000|2102|3,48|1889,55|0|0|0|0|0|0||
|C400|2D|ECF|GEXNJ20000|2|
|C405|01032011|1|1240|24940|10167157,35|8033|
|C420|01T1700|8033|1||
|C425|120140|1|UN|39|0,25|1,17|
|C425|900201|1|UN|15|0,1|0,45|
|C425|150050|1|UN|59|0,38|1,77|
|C425|030990|1|UN|1949|12,67|58,47|
|C425|040233|1|UN|2499|16,24|74,97|
|C425|330020|1|UN|47|0,31|1,41|
|C425|180263|1|UN|236|1,53|7,08|
|C425|030143|1|UN|900|5,85|27|
|C425|820820|1|UN|29|0,19|0,87|
|C425|902760|1|UN|15|0,1|0,45|
|C425|812960|1|UN|29|0,19|0,87|
|C425|500160|1|UN|29|0,19|0,87|
|C425|330050|1|UN|49|0,32|1,47|
|C425|030533|1|UN|539|3,5|16,17|
|C425|030253|1|UN|1599|10,39|47,97|
|C490|000|5102|17|8033|8033|1365,61||
|C405|02032011|1|1241|24952|10171912,35|4755|
|C420|01T1700|4686|1||
|C425|120080|1|UN|139|0,9|4,17|
|C425|520850|1|UN|12|0,08|0,36|
|C425|180390|1|UN|1066|6,93|31,98|
|C425|160110|1|UN|255|1,66|7,65|
|C425|902760|1|UN|12|0,08|0,36|
|C425|180790|1|UN|1999|12,99|59,97|
|C425|040360|1|UN|399|2,59|11,97|
|C425|104020|1|UN|8|0,05|0,24|
|C425|090240|1|UN|59|0,38|1,77|
|C425|070420|1|UN|299|1,94|8,97|
|C425|070410|1|UN|279|1,81|8,37|
|C425|040550|1|UN|159|1,03|4,77|
|C420|N1|69|||
|C425|710270|1|UN|69|0,45|2,07|
|C490|000|5102|17|4686|4686|796,62||
|C490|041|5102|0|69|0|0||
|C405|03032011|1|1242|24977|10192157,35|20245|
|C420|01T1700|20245|1||
|C425|660780|1|UN|399|2,59|11,97|
|C425|540310|2|UN|30|0,2|0,9|
|C425|900671|1|UN|7|0,05|0,21|
|C425|902451|1|UN|299|1,94|8,97|
|C425|903210|1|UN|39|0,25|1,17|
|C425|950090|6|UN|60|0,39|1,8|
|C425|812990|1|UN|79|0,51|2,37|
|C425|106060|3|UN|30|0,2|0,9|
|C425|200380|1|UN|237|1,54|7,11|
|C425|901281|1|UN|179|1,16|5,37|
|C425|902450|2|UN|518|3,37|15,54|
|C425|903320|1|UN|29|0,19|0,87|
|C425|901280|1|UN|23|0,15|0,69|
|C425|840480|2|UN|118|0,77|3,54|
|C425|950290|1|UN|39|0,25|1,17|
|C425|680470|2|UN|64|0,42|1,92|
|C425|660930|1|UN|139|0,9|4,17|
|C425|660300|2|UN|458|2,98|13,74|
|C425|531080|2|UN|238|1,55|7,14|
|C425|520750|3|UN|267|1,74|8,01|
|C425|520210|1|UN|189|1,23|5,67|
|C425|100013|1|UN|309|2,01|9,27|
|C425|030293|1|UN|1550|10,08|46,5|
|C425|900201|3|UN|45|0,3|1,35|
|C425|811850|1|UN|45|0,29|1,35|
|C425|970380|1|UN|49|0,32|1,47|
|C425|520130|1|UN|79|0,51|2,37|
|C425|900191|1|UN|15|0,1|0,45|
|C425|103080|1|UN|40|0,26|1,2|
|C425|900261|1|UN|16|0,1|0,48|
|C425|900751|1|UN|55|0,36|1,65|
|C425|810720|2|UN|138|0,9|4,14|
|C425|870220|1|UN|21|0,14|0,63|
|C425|901960|1|UN|35|0,23|1,05|
|C425|106030|1|UN|349|2,27|10,47|
|C425|103100|4|UN|196|1,27|5,88|
|C425|900241|1|UN|19|0,12|0,57|
|C425|103250|1|UN|39|0,25|1,17|
|C425|902370|1|UN|49|0,32|1,47|
|C425|661020|1|UN|35|0,23|1,05|
|C425|661010|1|UN|29|0,19|0,87|
|C425|970360|1|UN|85|0,55|2,55|
|C425|702170|1|UN|129|0,84|3,87|
|C425|813010|1|UN|55|0,36|1,65|
|C425|106050|1|UN|379|2,46|11,37|
|C425|030143|1|UN|855|5,56|25,65|
|C425|040203|1|UN|1640|10,66|49,2|
|C425|900840|1|UN|49|0,32|1,47|
|C425|902920|1|UN|89|0,58|2,67|
|C425|950010|2|UN|278|1,81|8,34|
|C425|100220|2|UN|573|3,73|17,19|
|C425|880260|1|UN|29|0,19|0,87|
|C425|702180|1|UN|129|0,84|3,87|
|C425|813550|8|UN|280|1,82|8,4|
|C425|104090|8|UN|472|3,07|14,16|
|C425|104180|1|UN|45|0,29|1,35|
|C425|200360|1|UN|219|1,42|6,57|
|C425|520151|1|UN|49|0,32|1,47|
|C425|840970|1|UN|65|0,42|1,95|
|C425|840121|2|UN|70|0,46|2,1|
|C425|660230|3|UN|387|2,52|11,61|
|C425|500021|2|UN|24|0,16|0,72|
|C425|500020|2|UN|30|0,2|0,9|
|C425|290190|1|UN|55|0,36|1,65|
|C425|040560|1|UN|142|0,92|4,26|
|C425|040183|1|UN|870|5,66|26,1|
|C425|031240|1|UN|123|0,8|3,69|
|C425|030830|1|UN|1234|8,02|37,02|
|C425|220460|1|UN|2030|13,2|60,9|
|C425|330240|1|UN|79|0,51|2,37|
|C425|903070|1|UN|39|0,25|1,17|
|C425|180253|1|UN|319|2,07|9,57|
|C425|180263|1|UN|118|0,77|3,54|
|C425|330020|1|UN|105|0,68|3,15|
|C425|910730|1|UN|29|0,19|0,87|
|C425|660900|1|UN|65|0,42|1,95|
|C425|670890|11|UN|352|2,29|10,56|
|C425|813030|1|UN|45|0,29|1,35|
|C425|850050|2|UN|110|0,72|3,3|
|C425|901830|8|UN|360|2,34|10,8|
|C425|701613|1|UN|79|0,51|2,37|
|C425|840772|2|UN|98|0,64|2,94|
|C425|700972|1|UN|27|0,18|0,81|
|C425|501110|2|UN|578|3,76|17,34|
|C425|902580|18|UN|108|0,7|3,24|
|C425|520741|1|UN|119|0,77|3,57|
|C425|150410|1|UN|59|0,38|1,77|
|C425|104170|3|UN|30|0,2|0,9|
|C425|902250|1|UN|129|0,84|3,87|
|C425|901491|1|UN|179|1,16|5,37|
|C425|900750|1|UN|279|1,81|8,37|
|C490|000|5102|17|20245|20245|3441,65||
|C405|04032011|1|1243|24995|10198096,35|5939|
|C420|01T1700|5805|1||
|C425|501771|2|UN|38|0,25|1,14|
|C425|501800|1|UN|23|0,15|0,69|
|C425|700680|1|UN|29|0,19|0,87|
|C425|200360|1|UN|208|1,35|6,24|
|C425|902580|1|UN|6|0,04|0,18|
|C425|500630|1|UN|5|0,03|0,15|
|C425|500550|2|UN|10|0,07|0,3|
|C425|740010|2|UN|98|0,64|2,94|
|C425|700430|1|UN|8|0,05|0,24|
|C425|500481|1|UN|19|0,12|0,57|
|C425|820821|1|UN|12|0,08|0,36|
|C425|900016|1|UN|19|0,12|0,57|
|C425|920150|1|UN|29|0,19|0,87|
|C425|030373|1|UN|1197|7,78|35,91|
|C425|120080|1|UN|139|0,9|4,17|
|C425|031093|1|UN|399|2,59|11,97|
|C425|031240|1|UN|240|1,56|7,2|
|C425|040173|1|UN|999|6,49|29,97|
|C425|040423|1|UN|730|4,75|21,9|
|C425|103110|1|UN|59|0,38|1,77|
|C425|710370|1|UN|79|0,51|2,37|
|C425|120090|1|UN|69|0,45|2,07|
|C425|180770|1|UN|1235|8,03|37,05|
|C425|290290|1|UN|119|0,77|3,57|
|C425|501710|2|UN|36|0,23|1,08|
|C420|N1|134|||
|C425|980050|1|UN|35|0,23|1,05|
|C425|710020|1|UN|99|0,64|2,97|
|C490|000|5102|17|5805|5805|986,85||
|C490|041|5102|0|134|0|0||
|C405|09032011|1|1244|25002|10220471,35|22375|
|C420|01T1700|22375|1||
|C425|040163|6|UN|4896|31,82|146,88|
|C425|270010|6|UN|3870|25,16|116,1|
|C425|740020|4|UN|140|0,91|4,2|
|C425|220590|6|UN|5694|37,01|170,82|
|C425|740040|1|UN|29|0,19|0,87|
|C425|180400|1|UN|599|3,89|17,97|
|C425|180550|1|UN|599|3,89|17,97|
|C425|290190|6|UN|312|2,03|9,36|
|C425|180263|6|UN|1476|9,59|44,28|
|C425|120140|6|UN|222|1,44|6,66|
|C425|050543|6|UN|2619|17,02|78,57|
|C425|200360|1|UN|219|1,42|6,57|
|C425|030300|1|UN|1250|8,13|37,5|
|C425|330210|6|UN|450|2,93|13,5|
|C490|000|5102|17|22375|22375|3803,75||
|C405|10032011|1|1245|25030|10228235,36|7764|
|C420|01T1700|7710|1||
|C425|500630|1|UN|5|0,03|0,15|
|C425|501750|1|UN|39|0,25|1,17|
|C425|501970|1|UN|25|0,16|0,75|
|C425|501740|1|UN|25|0,16|0,75|
|C425|501140|2|UN|14|0,09|0,42|
|C425|180263|2|UN|508|3,3|15,24|
|C425|500350|1|UN|5|0,03|0,15|
|C425|502300|1|UN|19|0,12|0,57|
|C425|702090|1|UN|7|0,05|0,21|
|C425|500130|1|UN|29|0,19|0,87|
|C425|500610|1|UN|5|0,03|0,15|
|C425|500411|1|UN|10|0,07|0,3|
|C425|330020|1|UN|100|0,65|3|
|C425|701420|1|UN|15|0,1|0,45|
|C425|900310|1|UN|8|0,05|0,24|
|C425|680470|1|UN|31|0,2|0,93|
|C425|200380|1|UN|499|3,24|14,97|
|C425|501600|1|UN|12|0,08|0,36|
|C425|700800|1|UN|65|0,42|1,95|
|C425|970700|1|UN|35|0,23|1,05|
|C425|670510|1|UN|49|0,32|1,47|
|C425|820240|1|UN|12|0,08|0,36|
|C425|040183|1|UN|850|5,53|25,5|
|C425|500021|1|UN|15|0,1|0,45|
|C425|040280|1|UN|1399|9,09|41,97|
|C425|100210|1|UN|379|2,46|11,37|
|C425|180260|1|UN|290|1,89|8,7|
|C425|180770|1|UN|1299|8,44|38,97|
|C425|180920|1|UN|69|0,45|2,07|
|C425|290200|1|UN|119|0,77|3,57|
|C425|290210|1|UN|338|2,2|10,14|
|C425|330250|1|UN|96|0,62|2,88|
|C425|500020|1|UN|14|0,09|0,42|
|C425|813440|1|UN|15|0,1|0,45|
|C425|700590|1|UN|9|0,06|0,27|
|C425|902760|1|UN|15|0,1|0,45|
|C425|501170|1|UN|5|0,03|0,15|
|C425|500550|1|UN|5|0,03|0,15|
|C425|040570|1|UN|199|1,29|5,97|
|C425|500820|1|UN|7|0,05|0,21|
|C425|902110|1|UN|969|6,3|29,07|
|C425|880080|1|UN|89|0,58|2,67|
|C425|820830|1|UN|12|0,08|0,36|
|C420|N1|54|||
|C425|980220|1|UN|6|0,04|0,18|
|C425|980140|1|UN|19|0,12|0,57|
|C425|940390|1|UN|29|0,19|0,87|
|C490|000|5102|17|7710|7710|1310,7||
|C490|041|5102|0|54|0|0||
|C405|11032011|1|1246|25043|10234960,36|6725|
|C420|01T1700|6725|1||
|C425|031093|1|UN|190|1,24|5,7|
|C425|040103|1|UN|1340|8,71|40,2|
|C425|330050|1|UN|49|0,32|1,47|
|C425|950370|1|UN|1699|11,04|50,97|
|C425|030263|1|UN|1550|10,08|46,5|
|C425|813550|1|UN|35|0,23|1,05|
|C425|290170|3|UN|1617|10,5|48,51|
|C425|180263|1|UN|245|1,59|7,35|
|C490|000|5102|17|6725|6725|1143,25||
|C405|12032011|1|1247|25061|10243270,36|8310|
|C420|01T1700|8310|1||
|C425|330240|1|UN|79|0,51|2,37|
|C425|700880|1|UN|10|0,07|0,3|
|C425|030630|1|UN|759|4,93|22,77|
|C425|090320|1|UN|124|0,81|3,72|
|C425|120050|1|UN|84|0,55|2,52|
|C425|180263|1|UN|249|1,62|7,47|
|C425|950231|1|UN|165|1,07|4,95|
|C425|900570|2|UN|38|0,25|1,14|
|C425|030293|1|UN|760|4,94|22,8|
|C425|902430|1|UN|125|0,81|3,75|
|C425|970530|1|UN|79|0,51|2,37|
|C425|250480|1|UN|1999|12,99|59,97|
|C425|031240|1|UN|123|0,8|3,69|
|C425|180790|1|UN|900|5,85|27|
|C425|040173|1|UN|999|6,49|29,97|
|C425|040550|1|UN|159|1,03|4,77|
|C425|040560|1|UN|134|0,87|4,02|
|C425|100200|1|UN|399|2,59|11,97|
|C425|180290|1|UN|129|0,84|3,87|
|C425|910640|1|UN|35|0,23|1,05|
|C425|330090|1|UN|119|0,77|3,57|
|C425|030263|1|UN|715|4,65|21,45|
|C425|700740|1|UN|15|0,1|0,45|
|C425|813550|2|UN|70|0,46|2,1|
|C425|910100|1|UN|42|0,27|1,26|
|C490|000|5102|17|8310|8310|1412,7||
|C405|14032011|1|1248|25074|10247946,37|4676|
|C420|01T1700|4676|1||
|C425|501771|2|UN|38|0,25|1,14|
|C425|903431|2|UN|30|0,2|0,9|
|C425|970120|2|UN|298|1,94|8,94|
|C425|903150|1|UN|49|0,32|1,47|
|C425|100013|1|UN|309|2,01|9,27|
|C425|051070|1|UN|498|3,24|14,94|
|C425|811150|1|UN|12|0,08|0,36|
|C425|030333|1|UN|1799|11,69|53,97|
|C425|200330|1|UN|199|1,29|5,97|
|C425|050830|1|UN|499|3,24|14,97|
|C425|501170|1|UN|5|0,03|0,15|
|C425|840850|1|UN|118|0,77|3,54|
|C425|040383|1|UN|699|4,54|20,97|
|C425|031240|1|UN|123|0,8|3,69|
|C490|000|5102|17|4676|4676|794,92||
|C405|15032011|1|1249|25091|10252973,37|5027|
|C420|01T1700|5027|1||
|C425|900037|2|UN|258|1,68|7,74|
|C425|902282|1|UN|22|0,14|0,66|
|C425|500557|1|UN|38|0,25|1,14|
|C425|500622|1|UN|59|0,38|1,77|
|C425|103100|1|UN|49|0,32|1,47|
|C425|030273|1|UN|1049|6,82|31,47|
|C425|090270|1|UN|69|0,45|2,07|
|C425|531310|2|UN|30|0,2|0,9|
|C425|090250|1|UN|119|0,77|3,57|
|C425|902250|1|UN|129|0,84|3,87|
|C425|030143|1|UN|1899|12,34|56,97|
|C425|040570|1|UN|199|1,29|5,97|
|C425|810170|1|UN|24|0,16|0,72|
|C425|701750|1|UN|29|0,19|0,87|
|C425|330050|1|UN|49|0,32|1,47|
|C425|290200|1|UN|119|0,77|3,57|
|C425|120090|1|UN|69|0,45|2,07|
|C425|103110|1|UN|59|0,38|1,77|
|C425|100210|1|UN|379|2,46|11,37|
|C425|031093|1|UN|379|2,46|11,37|
|C490|000|5102|17|5027|5027|854,59||
|C405|16032011|1|1250|25111|10266573,37|13600|
|C420|01T1700|13580|1||
|C425|701580|1|UN|49|0,32|1,47|
|C425|103260|1|UN|8|0,05|0,24|
|C425|840521|1|UN|22|0,14|0,66|
|C425|530110|1|UN|59|0,38|1,77|
|C425|900710|1|UN|29|0,19|0,87|
|C425|180180|1|UN|529|3,44|15,87|
|C425|910150|1|UN|39|0,25|1,17|
|C425|180910|1|UN|2500|16,25|75|
|C425|902050|1|UN|9|0,06|0,27|
|C425|030253|1|UN|1699|11,04|50,97|
|C425|180920|1|UN|69|0,45|2,07|
|C425|180280|1|UN|89|0,58|2,67|
|C425|103110|2|UN|118|0,77|3,54|
|C425|040290|1|UN|1099|7,14|32,97|
|C425|040133|1|UN|769|5|23,07|
|C425|031170|2|UN|2613|16,99|78,39|
|C425|031130|1|UN|1249|8,12|37,47|
|C425|030830|1|UN|1282|8,33|38,46|
|C425|030383|1|UN|1349|8,77|40,47|
|C420|N1|20|||
|C425|980300|4|UN|20|0,13|0,6|
|C490|000|5102|17|13580|13580|2308,6||
|C490|041|5102|0|20|0|0||
|C405|17032011|1|1251|25129|10273695,37|7122|
|C420|01T1700|7122|1||
|C425|950231|1|UN|369|2,4|11,07|
|C425|103100|1|UN|49|0,32|1,47|
|C425|200380|1|UN|499|3,24|14,97|
|C425|680230|1|UN|79|0,51|2,37|
|C425|680090|1|UN|69|0,45|2,07|
|C425|902870|1|UN|69|0,45|2,07|
|C425|090130|1|UN|42|0,27|1,26|
|C425|900221|1|UN|59|0,38|1,77|
|C425|680940|1|UN|49|0,32|1,47|
|C425|030363|3|UN|1485|9,66|44,55|
|C425|500020|1|UN|14|0,09|0,42|
|C425|290290|1|UN|99|0,64|2,97|
|C425|250520|1|UN|1129|7,34|33,87|
|C425|180280|1|UN|86|0,56|2,58|
|C425|180203|1|UN|379|2,46|11,37|
|C425|103110|2|UN|118|0,76|3,54|
|C425|040290|1|UN|1099|7,14|32,97|
|C425|040103|1|UN|1429|9,29|42,87|
|C490|000|5102|17|7122|7122|1210,74||
|C405|18032011|1|1252|25141|10276219,37|2524|
|C420|01T1700|2505|1||
|C425|180253|1|UN|329|2,14|9,87|
|C425|900201|1|UN|15|0,1|0,45|
|C425|900241|1|UN|19|0,12|0,57|
|C425|701420|1|UN|15|0,1|0,45|
|C425|330240|1|UN|79|0,51|2,37|
|C425|030383|1|UN|675|4,39|20,25|
|C425|180390|1|UN|575|3,74|17,25|
|C425|812120|2|UN|10|0,07|0,3|
|C425|150040|1|UN|59|0,38|1,77|
|C425|100210|1|UN|379|2,46|11,37|
|C425|040133|1|UN|350|2,28|10,5|
|C420|N1|19|||
|C425|980140|1|UN|19|0,12|0,57|
|C490|000|5102|17|2505|2505|425,85||
|C490|041|5102|0|19|0|0||
|C405|21032011|1|1253|25161|10280008,37|3789|
|C420|01T1700|3789|1||
|C425|180253|1|UN|319|2,07|9,57|
|C425|500350|1|UN|5|0,03|0,15|
|C425|500360|2|UN|12|0,08|0,36|
|C425|500370|1|UN|8|0,05|0,24|
|C425|501110|1|UN|289|1,88|8,67|
|C425|500081|3|UN|147|0,96|4,41|
|C425|330020|1|UN|105|0,68|3,15|
|C425|180540|1|UN|349|2,27|10,47|
|C425|150050|1|UN|59|0,38|1,77|
|C425|950090|3|UN|36|0,23|1,08|
|C425|970150|1|UN|139|0,9|4,17|
|C425|030553|1|UN|1049|6,82|31,47|
|C425|502391|1|UN|12|0,08|0,36|
|C425|040133|1|UN|345|2,24|10,35|
|C425|120020|1|UN|99|0,64|2,97|
|C425|120080|1|UN|139|0,9|4,17|
|C425|200370|1|UN|329|2,14|9,87|
|C425|760058|1|UN|89|0,58|2,67|
|C425|701760|2|UN|30|0,2|0,9|
|C425|813370|2|UN|30|0,2|0,9|
|C425|500082|3|UN|147|0,96|4,41|
|C425|902760|1|UN|12|0,08|0,36|
|C425|290270|1|UN|40|0,26|1,2|
|C490|000|5102|17|3789|3789|644,13||
|C405|22032011|1|1254|25178|10286854,37|6846|
|C420|01T1700|6846|1||
|C425|970230|1|UN|25|0,16|0,75|
|C425|701420|1|UN|15|0,1|0,45|
|C425|701590|1|UN|39|0,25|1,17|
|C425|051220|1|UN|949|6,17|28,47|
|C425|902870|1|UN|69|0,45|2,07|
|C425|701700|2|UN|20|0,13|0,6|
|C425|030630|1|UN|1699|11,04|50,97|
|C425|103240|1|UN|35|0,23|1,05|
|C425|902941|1|UN|10|0,07|0,3|
|C425|900890|1|UN|38|0,25|1,14|
|C425|970560|1|UN|45|0,29|1,35|
|C425|910980|1|UN|119|0,77|3,57|
|C425|220590|1|UN|999|6,49|29,97|
|C425|030363|1|UN|1174|7,63|35,22|
|C425|500021|1|UN|11|0,07|0,33|
|C425|040173|1|UN|999|6,49|29,97|
|C425|040550|1|UN|159|1,03|4,77|
|C425|180320|1|UN|39|0,25|1,17|
|C425|290300|1|UN|126|0,82|3,78|
|C425|330050|1|UN|49|0,32|1,47|
|C425|520151|1|UN|49|0,32|1,47|
|C425|520280|1|UN|19|0,12|0,57|
|C425|660090|1|UN|119|0,77|3,57|
|C425|970410|1|UN|29|0,19|0,87|
|C425|811030|1|UN|6|0,04|0,18|
|C425|812120|1|UN|5|0,03|0,15|
|C490|000|5102|17|6846|6846|1163,82||
|C405|23032011|1|1255|25202|10298795,37|9763|
|C420|01T1700|9763|1||
|C425|180263|1|UN|249|1,62|7,47|
|C425|500610|2|UN|10|0,07|0,3|
|C425|500700|1|UN|19|0,12|0,57|
|C425|500081|3|UN|147|0,96|4,41|
|C425|030870|1|UN|2250|14,63|67,5|
|C425|500370|1|UN|8|0,05|0,24|
|C425|501170|1|UN|5|0,03|0,15|
|C425|701420|1|UN|15|0,1|0,45|
|C425|902890|1|UN|49|0,32|1,47|
|C425|103260|2|UN|16|0,1|0,48|
|C425|500083|3|UN|117|0,76|3,51|
|C425|900035|1|UN|49|0,32|1,47|
|C425|030940|1|UN|1759|11,43|52,77|
|C425|180320|1|UN|39|0,25|1,17|
|C425|031240|2|UN|508|3,3|15,24|
|C425|040290|1|UN|1099|7,14|32,97|
|C425|100210|1|UN|379|2,46|11,37|
|C425|103220|2|UN|20|0,13|0,6|
|C425|180280|1|UN|89|0,58|2,67|
|C425|500082|1|UN|49|0,32|1,47|
|C425|290060|1|UN|279|1,81|8,37|
|C425|290220|1|UN|79|0,51|2,37|
|C425|701070|1|UN|15|0,1|0,45|
|C425|902550|1|UN|15|0,1|0,45|
|C425|950330|1|UN|2499|16,24|74,97|
|C490|000|5102|17|9763|9763|1659,71||
|C405|24032011|1|1256|25218|10302550,37|3755|
|C420|01T1700|3755|1||
|C425|710380|1|UN|35|0,23|1,05|
|C425|270010|1|UN|589|3,83|17,67|
|C425|250480|1|UN|909|5,91|27,27|
|C425|910720|1|UN|49|0,32|1,47|
|C425|890120|1|UN|35|0,23|1,05|
|C425|720020|1|UN|39|0,25|1,17|
|C425|890100|1|UN|25|0,16|0,75|
|C425|880260|1|UN|29|0,19|0,87|
|C425|030383|1|UN|613|3,98|18,39|
|C425|660090|1|UN|119|0,77|3,57|
|C425|330050|1|UN|49|0,32|1,47|
|C425|290250|1|UN|119|0,77|3,57|
|C425|290220|1|UN|79|0,51|2,37|
|C425|290200|1|UN|119|0,77|3,57|
|C425|180920|2|UN|138|0,9|4,14|
|C425|120020|1|UN|45|0,29|1,35|
|C425|030940|1|UN|764|4,97|22,92|
|C490|000|5102|17|3755|3755|638,35||
|C405|25032011|1|1257|25227|10305696,37|3146|
|C420|01T1700|3146|1||
|C425|813060|1|UN|35|0,23|1,05|
|C425|250480|1|UN|1999|12,99|59,97|
|C425|900461|3|UN|36|0,23|1,08|
|C425|680920|1|UN|12|0,08|0,36|
|C425|970430|1|UN|13|0,08|0,39|
|C425|103250|1|UN|29|0,19|0,87|
|C425|700780|1|UN|39|0,25|1,17|
|C425|950490|1|UN|519|3,37|15,57|
|C425|701270|1|UN|25|0,16|0,75|
|C425|700770|3|UN|87|0,57|2,61|
|C425|180263|1|UN|279|1,81|8,37|
|C425|500370|1|UN|8|0,05|0,24|
|C425|500360|1|UN|6|0,04|0,18|
|C425|500340|1|UN|4|0,03|0,12|
|C425|840620|1|UN|55|0,36|1,65|
|C490|000|5102|17|3146|3146|534,82||
|C405|26032011|1|1258|25245|10311887,37|6191|
|C420|01T1700|6191|1||
|C425|101410|1|UN|12|0,08|0,36|
|C425|903280|1|UN|79|0,51|2,37|
|C425|701420|1|UN|15|0,1|0,45|
|C425|901860|1|UN|89|0,58|2,67|
|C425|030880|1|UN|2750|17,88|82,5|
|C425|820540|1|UN|39|0,25|1,17|
|C425|700490|2|UN|22|0,14|0,66|
|C425|660020|1|UN|169|1,1|5,07|
|C425|531060|1|UN|149|0,97|4,47|
|C425|520261|1|UN|119|0,77|3,57|
|C425|910860|1|UN|89|0,58|2,67|
|C425|103260|2|UN|16|0,1|0,48|
|C425|103110|2|UN|118|0,76|3,54|
|C425|250520|1|UN|424|2,76|12,72|
|C425|103120|2|UN|20|0,13|0,6|
|C425|180580|1|UN|165|1,07|4,95|
|C425|180770|1|UN|615|4|18,45|
|C425|220283|1|UN|845|5,49|25,35|
|C425|040570|1|UN|95|0,62|2,85|
|C425|290200|1|UN|119|0,77|3,57|
|C425|500020|1|UN|14|0,09|0,42|
|C425|500021|1|UN|10|0,07|0,3|
|C425|502070|1|UN|99|0,64|2,97|
|C425|660090|1|UN|119|0,77|3,57|
|C490|000|5102|17|6191|6191|1052,47||
|C405|28032011|1|1259|25253|10315053,37|3166|
|C420|01T1700|3166|1||
|C425|700953|1|UN|35|0,23|1,05|
|C425|502382|2|UN|10|0,07|0,3|
|C425|700952|1|UN|35|0,23|1,05|
|C425|900121|1|UN|22|0,14|0,66|
|C425|180390|1|UN|562|3,65|16,86|
|C425|040360|1|UN|399|2,59|11,97|
|C425|180380|1|UN|248|1,61|7,44|
|C425|180940|1|UN|96|0,62|2,88|
|C425|180920|3|UN|96|0,62|2,88|
|C425|180770|2|UN|1218|7,92|36,54|
|C425|100160|1|UN|445|2,89|13,35|
|C490|000|5102|17|3166|3166|538,22||
|C405|29032011|1|1260|25264|10316370,37|1317|
|C420|01T1700|1317|1||
|C425|031093|1|UN|399|2,59|11,97|
|C425|040550|1|UN|151|0,98|4,53|
|C425|290190|1|UN|55|0,36|1,65|
|C425|290220|1|UN|79|0,51|2,37|
|C425|500559|1|UN|25|0,16|0,75|
|C425|910760|1|UN|9|0,06|0,27|
|C425|200360|1|UN|219|1,42|6,57|
|C425|100013|1|UN|309|2,01|9,27|
|C425|660490|2|UN|12|0,08|0,36|
|C425|900100|1|UN|59|0,38|1,77|
|C490|000|5102|17|1317|1317|223,89||
|C405|30032011|1|1261|25287|10330200,38|13744|
|C420|Can-T|49|||
|C420|01T1700|13665|1||
|C425|330030|1|UN|135|0,88|4,05|
|C425|710340|1|UN|29|0,19|0,87|
|C425|220423|1|UN|1890|12,29|56,7|
|C425|050890|1|UN|2136|13,88|64,08|
|C425|330020|1|UN|105|0,68|3,15|
|C425|180263|1|UN|125|0,81|3,75|
|C425|180180|1|UN|500|3,25|15|
|C425|050910|1|UN|2041|13,27|61,23|
|C425|090280|1|UN|80|0,52|2,4|
|C425|910900|1|UN|49|0,32|1,47|
|C425|030830|1|UN|2520|16,38|75,6|
|C425|850270|1|UN|49|0,32|1,47|
|C425|030933|1|UN|799|5,19|23,97|
|C425|950370|1|UN|1433|9,31|42,99|
|C425|290230|1|UN|125|0,81|3,75|
|C425|180190|1|UN|270|1,76|8,1|
|C425|103110|1|UN|59|0,38|1,77|
|C425|040290|1|UN|520|3,38|15,6|
|C425|031110|1|UN|800|5,2|24|
|C420|N1|30|||
|C425|940440|2|UN|30|0,2|0,9|
|C490|000|5102|17|13665|13665|2323,05||
|C490|041|5102|0|30|0|0||
|C405|31032011|1|1262|25300|10334067,38|3867|
|C420|01T1700|3837|1||
|C425|030130|1|UN|1000|6,5|30|
|C425|040173|1|UN|949|6,17|28,47|
|C425|040360|1|UN|180|1,17|5,4|
|C425|180280|1|UN|89|0,58|2,67|
|C425|103320|1|UN|10|0,07|0,3|
|C425|290280|1|UN|119|0,77|3,57|
|C425|500360|1|UN|6|0,04|0,18|
|C425|050630|1|UN|1399|9,09|41,97|
|C425|680150|1|UN|85|0,55|2,55|
|C420|N1|30|||
|C425|940390|1|UN|30|0,2|0,9|
|C490|000|5102|17|3837|3837|652,29||
|C490|041|5102|0|30|0|0||
|C400|2D|ECF|BE0106SC56001133153|4|
|C405|01032011|1|928|12383|9924680,65|2210|
|C420|01T1700|2210|1||
|C425|030533|1|UN|258|1,68|7,74|
|C425|100210|1|UN|178|1,16|5,34|
|C425|902110|1|UN|950|6,18|28,5|
|C425|031150|1|UN|824|5,36|24,72|
|C490|000|5102|17|2210|2210|375,7||
|C405|02032011|1|929|12387|9925679,65|999|
|C420|01T1700|999|1||
|C425|040173|1|UN|999|6,49|29,97|
|C490|000|5102|17|999|999|169,83||
|C405|03032011|1|930|12393|9933466,65|7787|
|C420|01T1700|7787|1||
|C425|030143|1|UN|1899|12,34|56,97|
|C425|030433|1|UN|780|5,07|23,4|
|C425|070410|1|UN|279|1,81|8,37|
|C425|030093|1|UN|2199|14,29|65,97|
|C425|030073|1|UN|2321|15,09|69,63|
|C425|100013|1|UN|309|2,01|9,27|
|C490|000|5102|17|7787|7787|1323,79||
|C405|09032011|1|932|12404|9935451,65|1985|
|C420|01T1700|1985|1||
|C425|040423|1|UN|730|4,75|21,9|
|C425|040440|1|UN|429|2,79|12,87|
|C425|290033|1|UN|179|1,16|5,37|
|C425|290210|1|UN|349|2,27|10,47|
|C425|290310|2|UN|298|1,94|8,94|
|C490|000|5102|17|1985|1985|337,45||
|C405|10032011|1|933|12415|9948387,65|12936|
|C420|01T1700|12936|1||
|C425|030143|1|UN|1899|12,34|56,97|
|C425|030443|1|UN|1190|7,74|35,7|
|C425|030830|1|UN|2460|15,99|73,8|
|C425|100030|1|UN|490|3,19|14,7|
|C425|290053|1|UN|199|1,29|5,97|
|C425|220133|2|UN|3408|22,15|102,24|
|C425|030073|1|UN|2321|15,09|69,63|
|C425|220590|1|UN|969|6,3|29,07|
|C490|000|5102|17|12936|12936|2199,12||
|C405|11032011|1|934|12422|9957383,65|8996|
|C420|01T1700|8996|1||
|C425|030553|1|UN|999|6,49|29,97|
|C425|220283|1|UN|1749|11,37|52,47|
|C425|031020|1|UN|1499|9,74|44,97|
|C425|030700|1|UN|4749|30,87|142,47|
|C490|000|5102|17|8996|8996|1529,32||
|C405|12032011|1|935|12427|9960062,65|2679|
|C420|01T1700|2679|1||
|C425|030093|1|UN|2199|14,29|65,97|
|C425|031100|1|UN|480|3,12|14,4|
|C490|000|5102|17|2679|2679|455,43||
|C405|14032011|1|936|12442|9972377,65|12315|
|C420|01T1700|12315|1||
|C425|220370|1|UN|2029|13,19|60,87|
|C425|950500|1|UN|1075|6,99|32,25|
|C425|100013|2|UN|598|3,89|17,94|
|C425|180263|1|UN|249|1,62|7,47|
|C425|051210|1|UN|1350|8,78|40,5|
|C425|120170|1|UN|299|1,94|8,97|
|C425|030363|1|UN|1049|6,82|31,47|
|C425|220183|1|UN|1150|7,48|34,5|
|C425|100030|1|UN|519|3,37|15,57|
|C425|040560|1|UN|299|1,94|8,97|
|C425|030830|1|UN|2499|16,24|74,97|
|C425|030373|1|UN|1199|7,79|35,97|
|C490|000|5102|17|12315|12315|2093,55||
|C405|15032011|1|937|12448|9976564,65|4187|
|C420|01T1700|4187|1||
|C425|030373|1|UN|1199|7,79|35,97|
|C425|030830|1|UN|2599|16,89|77,97|
|C425|100200|1|UN|389|2,53|11,67|
|C490|000|5102|17|4187|4187|711,79||
|C405|16032011|1|938|12455|9986571,65|10007|
|C420|01T1700|10007|1||
|C425|030053|1|UN|1949|12,67|58,47|
|C425|030253|2|UN|3258|21,17|97,74|
|C425|180243|1|UN|519|3,37|15,57|
|C425|050840|1|UN|559|3,63|16,77|
|C425|050990|1|UN|2420|15,73|72,6|
|C425|051210|1|UN|1302|8,46|39,06|
|C490|000|5102|17|10007|10007|1701,19||
|C405|17032011|1|939|12464|9994713,65|10109|
|C420|01T1700|10109|1||
|C425|040183|1|UN|859|5,58|25,77|
|C425|180263|1|UN|239|1,55|7,17|
|C425|090280|1|UN|179|1,16|5,37|
|C425|290033|1|UN|189|1,23|5,67|
|C425|070430|1|UN|399|2,59|11,97|
|C425|040213|1|UN|1399|9,09|41,97|
|C425|030143|1|UN|1800|11,7|54|
|C425|031093|1|UN|399|2,59|11,97|
|C425|030433|1|UN|799|5,19|23,97|
|C425|030373|1|UN|1199|7,79|35,97|
|C425|030363|1|UN|1049|6,82|31,47|
|C425|030253|1|UN|1599|10,39|47,97|
|C490|000|5102|17|10109|10109|1718,53||
|C405|21032011|1|941|12487|10024325,65|27645|
|C420|01T1700|27645|1||
|C425|050970|1|UN|1499|9,74|44,97|
|C425|270010|1|UN|599|3,89|17,97|
|C425|050993|1|UN|5599|36,39|167,97|
|C425|050620|1|UN|1199|7,79|35,97|
|C425|051210|1|UN|1399|9,09|41,97|
|C425|031100|1|UN|549|3,57|16,47|
|C425|031200|1|UN|1349|8,77|40,47|
|C425|030333|2|UN|3598|23,38|107,94|
|C425|030093|1|UN|2199|14,29|65,97|
|C425|290033|1|UN|179|1,16|5,37|
|C425|180700|1|UN|3899|25,34|116,97|
|C425|040013|1|UN|1273|8,27|38,19|
|C425|030383|2|UN|1906|12,39|57,18|
|C425|030373|2|UN|2398|15,58|71,94|
|C490|000|5102|17|27645|27645|4699,65||
|C405|22032011|1|942|12497|10031067,65|6742|
|C420|01T1700|6742|1||
|C425|030443|1|UN|1170|7,61|35,1|
|C425|030460|1|UN|1399|9,09|41,97|
|C425|030960|1|UN|759|4,93|22,77|
|C425|090240|1|UN|59|0,38|1,77|
|C425|120020|1|UN|99|0,64|2,97|
|C425|120080|1|UN|149|0,97|4,47|
|C425|050830|1|UN|479|3,11|14,37|
|C425|051220|1|UN|899|5,84|26,97|
|C425|290320|1|UN|1729|11,24|51,87|
|C490|000|5102|17|6742|6742|1146,14||
|C405|23032011|1|943|12504|10035055,65|3988|
|C420|01T1700|3988|1||
|C425|030383|1|UN|1290|8,39|38,7|
|C425|030450|1|UN|949|6,17|28,47|
|C425|180770|1|UN|1299|8,44|38,97|
|C425|060210|1|UN|450|2,93|13,5|
|C490|000|5102|17|3988|3988|677,96||
|C405|24032011|1|944|12514|10044687,65|9632|
|C420|01T1700|9632|1||
|C425|030303|1|UN|1999|12,99|59,97|
|C425|030383|1|UN|1349|8,77|40,47|
|C425|030460|1|UN|1299|8,44|38,97|
|C425|031073|1|UN|1599|10,39|47,97|
|C425|040440|1|UN|429|2,79|12,87|
|C425|180243|1|UN|519|3,37|15,57|
|C425|290053|1|UN|199|1,29|5,97|
|C425|030933|1|UN|770|5,01|23,1|
|C425|180510|1|UN|1359|8,83|40,77|
|C425|290280|1|UN|110|0,72|3,3|
|C490|000|5102|17|9632|9632|1637,44||
|C405|25032011|1|945|12519|10048754,65|4067|
|C420|01T1700|4067|1||
|C425|030830|1|UN|2599|16,89|77,97|
|C425|040173|1|UN|999|6,49|29,97|
|C425|100160|1|UN|469|3,05|14,07|
|C490|000|5102|17|4067|4067|691,39||
|C405|26032011|1|946|12523|10049902,65|1148|
|C420|01T1700|1148|1||
|C425|060210|1|UN|469|3,05|14,07|
|C425|050600|1|UN|679|4,41|20,37|
|C490|000|5102|17|1148|1148|195,16||
|C405|28032011|1|947|12533|10059403,65|9501|
|C420|01T1700|9501|1||
|C425|030373|1|UN|1139|7,4|34,17|
|C425|030450|1|UN|949|6,17|28,47|
|C425|030460|1|UN|1359|8,83|40,77|
|C425|180770|1|UN|1299|8,44|38,97|
|C425|180790|1|UN|1999|12,99|59,97|
|C425|290053|1|UN|199|1,29|5,97|
|C425|030293|1|UN|1599|10,39|47,97|
|C425|050553|1|UN|649|4,22|19,47|
|C425|100013|1|UN|309|2,01|9,27|
|C490|000|5102|17|9501|9501|1615,17||
|C405|29032011|1|948|12538|10065510,65|6107|
|C420|01T1700|6107|1||
|C425|030553|1|UN|1009|6,56|30,27|
|C425|030830|1|UN|2599|16,89|77,97|
|C425|030850|1|UN|2499|16,24|74,97|
|C490|000|5102|17|6107|6107|1038,19||
|C405|30032011|1|949|12544|10073776,65|8266|
|C420|01T1700|8266|1||
|C425|030333|1|UN|1799|11,69|53,97|
|C425|030553|1|UN|990|6,44|29,7|
|C425|030093|1|UN|2199|14,29|65,97|
|C425|030123|1|UN|3199|20,79|95,97|
|C425|330240|1|UN|79|0,51|2,37|
|C490|000|5102|17|8266|8266|1405,22||
|C405|31032011|1|950|12551|10079802,65|6026|
|C420|01T1700|6026|1||
|C425|030143|1|UN|1899|12,34|56,97|
|C425|031180|1|UN|2719|17,67|81,57|
|C425|100200|1|UN|409|2,66|12,27|
|C425|031190|1|UN|999|6,49|29,97|
|C490|000|5102|17|6026|6026|1024,42||
|C990|1851|
|D001|0|
|D100|0|1|800006986|08|00|U||048433||16032011|31032011|||164,52||2|164,52|164,52|11,52||||
|D190|000|2353|7,00|164,52|164,52|11,52|0||
|D100|0|1|800006984|08|00|U||091794||16032011|22032011|||398,24||2|398,24|398,24|47,79||||
|D190|000|2353|12,00|398,24|398,24|47,79|0||
|D100|0|1|800006984|08|00|U||091799||16032011|22032011|||1785,84||2|1785,84|1785,84|214,30||||
|D190|000|2353|12,00|1785,84|1785,84|214,30|0||
|D100|0|1|800006989|08|00|U||693784||27022011|10032011|||40,77||2|40,77|40,77|2,85||||
|D190|000|2353|6,99|40,77|40,77|2,85|0||
|D100|0|1|800006987|08|00|U||973592||21032011|31032011|||130,11||2|130,11|130,11|9,11||||
|D190|000|2353|7,00|130,11|130,11|9,11|0||
|D100|0|1|200342|57|00|0||001259418||16032011|31032011|0||169,02||2|169,02|169,02|11,83||||
|D190|000|2353|7,00|169,02|169,02|11,83|0||
|D100|0|1|12450|57|00|0||000164773||16032011|30032011|0||131,35||2|131,35|131,35|9,19||||
|D190|000|2353|7,00|131,35|131,35|9,19|0||
|D100|0|1|800006989|08|00|U||703760||16032011|29032011|||1468,69||2|1468,69|1468,69|102,81||||
|D190|000|2353|7,00|1468,69|1468,69|102,81|0||
|D100|0|1|800006984|08|00|U||093391||27032011|31032011|||1689,26||2|1689,26|1689,26|202,71||||
|D190|000|2353|12,00|1689,26|1689,26|202,71|0||
|D100|0|1|800006987|08|00|U||970209||17032011|29032011|||4949,57||2|4949,57|4949,57|346,47||||
|D190|000|2353|7,00|4949,57|4949,57|346,47|0||
|D100|0|1|800006987|08|00|U||957977||27022011|16032011|||633,04||2|633,04|633,04|44,31||||
|D190|000|2353|7,00|633,04|633,04|44,31|0||
|D100|0|1|800007034|08|00|U||012657||10032011|26032011|||88,82||2|88,82|88,82|3,39||||
|D190|000|2353|3,82|88,82|88,82|3,39|0||
|D100|0|1|800007034|08|00|U||011172||24022011|04032011|||60,34||2|60,34|60,34|2,30||||
|D190|000|2353|3,81|60,34|60,34|2,30|0||
|D100|0|1|800006976|08|00|U||021819||21032011|31032011|||90,14||2|90,14|90,14|6,31||||
|D190|000|2353|7,00|90,14|90,14|6,31|0||
|D100|0|1|800006976|08|00|U||021719||09032011|31032011|||64,78||2|64,78|64,78|4,53||||
|D190|000|2353|6,99|64,78|64,78|4,53|0||
|D100|0|1|800006987|08|00|U||963782||09032011|21032011|||337,96||2|337,96|337,96|23,66||||
|D190|000|2353|7,00|337,96|337,96|23,66|0||
|D100|0|1|800007049|08|00|U||208414||18032011|26032011|||134,01||2|134,01|107,21|12,87|26,80|||
|D190|000|2353|12,00|134,01|107,21|12,87|0||
|D100|0|1|800007049|08|00|U||208413||18032011|26032011|||310,72||2|310,72|310,72|37,29||||
|D190|000|2353|12,00|310,72|310,72|37,29|0||
|D100|0|1|800007049|08|00|U||208395||18032011|26032011|||73,86||2|73,86|59,09|7,09|14,77|||
|D190|000|2353|12,00|73,86|59,09|7,09|0||
|D100|0|1|800007038|08|00|U||913770||09032011|14032011|||175,50||2|175,50|175,50|21,06||||
|D190|000|2353|12,00|175,50|175,50|21,06|0||
|D100|0|1|800007038|08|00|U||913771||09032011|14032011|||77,30||2|77,30|77,30|9,28||||
|D190|000|2353|12,01|77,30|77,30|9,28|0||
|D100|0|1|800007038|08|00|U||905211||18022011|03032011|||160,65||2|160,65|160,65|19,28||||
|D190|000|2353|12,00|160,65|160,65|19,28|0||
|D100|0|1|800007038|08|00|U||916606||14032011|21032011|||1264,51||2|1264,51|1264,51|151,74||||
|D190|000|2353|12,00|1264,51|1264,51|151,74|0||
|D100|0|1|800007038|08|00|U||916601||14032011|21032011|||257,84||2|257,84|257,84|30,94||||
|D190|000|2353|12,00|257,84|257,84|30,94|0||
|D100|0|1|100003767|08|00|U||400243||01032011|16032011|||115,12||2|115,12|115,12|8,06||||
|D190|000|2353|7,00|115,12|115,12|8,06|0||
|D100|0|1|800007038|08|00|U||920752||16032011|21032011|||251,69||2|251,69|251,69|30,20||||
|D190|000|2353|12,00|251,69|251,69|30,20|0||
|D100|0|1|100003767|08|00|U||402998||11032011|21032011|||62,79||2|62,79|62,79|4,40||||
|D190|000|2353|7,01|62,79|62,79|4,40|0||
|D100|0|1|800007038|08|00|U||916607||14032011|21032011|||299,92||2|299,92|299,92|35,99||||
|D190|000|2353|12,00|299,92|299,92|35,99|0||
|D100|0|1|800007039|08|00|U||905216||18022011|03032011|||359,29||2|359,29|359,29|43,11||||
|D190|000|2353|12,00|359,29|359,29|43,11|0||
|D100|0|1|800007032|08|00|U||297474||23022011|11032011|||233,38||2|233,38|233,38|28,01||||
|D190|000|2353|12,00|233,38|233,38|28,01|0||
|D100|0|1|800007046|08|00|U||298090||21032011|24032011|||1213,75||2|1213,75|1213,75|145,65||||
|D190|000|2353|12,00|1213,75|1213,75|145,65|0||
|D100|0|1|800007046|08|00|U||296862||16032011|22032011|||1465,68||2|1465,68|1465,68|175,88||||
|D190|000|2353|12,00|1465,68|1465,68|175,88|0||
|D990|66|
|E001|0|
|E100|01032011|31032011|
|E110|73144,31|0|0|0|70929,92|0|6190,75|0|13877,58|0|0|0|17853,94|0|
|E111|CE020002|Crédito Antecipado|6190,75|
|E990|5|
|G001|1|
|G990|2|
|H001|1|
|H990|2|
|1001|0|
|1700|03|01|||118986|118991|201003857|
|1700|03|01|||118994|118994|201003857|
|1700|03|01|||118996|118997|201003857|
|1700|03|01|||118999|119000|201003857|
|1700|03|01|||119002|119044|201003857|
|1700|03|01|||119046|119049|201003857|
|1700|03|01|||119051|119052|201003857|
|1700|03|01|||119054|119057|201003857|
|1700|03|01|||119059|119079|201003857|
|1700|03|01|||119081|119091|201003857|
|1990|12|
|9001|0|
|9900|0000|1|
|9900|0001|1|
|9900|0005|1|
|9900|0100|1|
|9900|0150|61|
|9900|0190|8|
|9900|0200|665|
|9900|0220|162|
|9900|0500|1|
|9900|0990|1|
|9900|C001|1|
|9900|C100|196|
|9900|C170|676|
|9900|C190|198|
|9900|C400|2|
|9900|C405|44|
|9900|C420|52|
|9900|C425|630|
|9900|C490|51|
|9900|C990|1|
|9900|D001|1|
|9900|D100|32|
|9900|D190|32|
|9900|D990|1|
|9900|E001|1|
|9900|E100|1|
|9900|E110|1|
|9900|E111|1|
|9900|E990|1|
|9900|G001|1|
|9900|G990|1|
|9900|H001|1|
|9900|H990|1|
|9900|1001|1|
|9900|1700|10|
|9900|1990|1|
|9900|9001|1|
|9900|9900|40|
|9900|9990|1|
|9900|9999|1|
|9990|43|
|9999|2883|
