|0000|004|1|01042011|30042011|LOJAS CARROSSEL COMERCIO E REPRESENTACOES LTDA|23455967000163||CE|060730463|2304400|||B|1|
|0001|0|
|0005|LOJAS CARROSSEL|60125160|RUA VISCONDE DE MAUA|2085||ALDEOTA|8532614533||lojascarrossel@hotmail.com|
|0100|JOSE ADRIANO PONTES FEITOSA|26472830363|CE011117O6||60025100|RUA MAJOR FACUNDO|844|SALAS 42 E 44|CENTRO|8532532340||adrianofeitosa44@yahoo.com.br|2304400|
|0150|2485|CIL COM. DE INFORM. LTDA - FOR|1058|24073694000589||062639579|2304400||ROD. BR 116, KM 06, NR 06 - MODS. 20/21||2555 MODULOS 20 E 21|CAJAZEIRAS|
|0150|6255|PAM IND.E COM.DE ALIMENTOS LTDA|1058|07209703000173||060150955|2304400||R Silva Paulet|769|LOJA 2|Meireles|
|0150|6263|PETROLEO BRASILEIRO S/A PETROBRAS|1058|33000167005502||061026182|2304400||Av Leite Barbosa||S/N|UNis do Porto|
|0150|800006974|ESMALTEC S A|1058|02948030000230||063050536|2307650||AVENIDA PARQUE OESTE|2130||DISTRITO INDUSTRIAL|
|0150|800006976|CONEXAO TRANSPORTES DIST E LOG LTDA|1058|63318604000281|||3518800||R Rua Paschoal Ricci|30||Jardim Presidente Dutra|
|0150|800006977|LOJAS CARROSSEL COMERCIO E REPRESENTACOES LTDA|1058|23455967000163|||2304400||RUA VISCONDE DE MAUA,2085 ALDEOTA|||ALDOTA|
|0150|800006983|WHIRLPOOL S.A.|1058|59105999006036||033829900|2607901||Av . Eixo da integracao|689||Bloco C2-C3|
|0150|800006984|MLOG ARMAZEM GERAL LTDA-GUARARAPES|1058|05117268000989||18158003410011|2607901||AV.EIXO DA INTEGRACAO, 689 - Bloco C2-C3||BL.D.GLD5 SALA 01||
|0150|800006985|MABE BRASIL ELETRODOMESTICOS LTDA|1058|60736279001250||748018519117|3519071||PQ PARQUE INDUSTRIAL BS CONTINEN|||JD.SAO CAMILO|
|0150|800006986|WHIRPOOL S.A|1058|59105999003959||250050889|4209102||DONA FRANCISCA|7200||INDUSTRIAL|
|0150|800006987|MLOG ARMAZEM GERAL LTDA-JLLE|1058|05117268000806||255247770|4209102||DONA FRANCISCA 7200||||
|0150|800006989|MLOG ARMAZEM GERAL LTDA-RC|1058|05117268000555||587274102112|3543907||AV. 80-A 77||||
|0150|800006990|PANASONIC DO BRASIL LIMITADA|1058|04403408000165||062001167|1302603||Rua Matrinxa|1155||D.INDUSTRIAL|
|0150|800006991|WHIRLPOOL ELETROMESTICOS AM S.A|1058|63699839000180||062001256|1302603||Av Torquato Tapajós|7500||Colônia Terra Nova|
|0150|800006992|PANASONIC DO BRASIL LIMITADA|1058|04403408000912||645482612112|3549904||Ro Presidente Dutra|155||Jardim das Indústrias|
|0150|800006994|ZAIRTON GASPAR DE OLIVEIRA FILHO|1058||12211680372||2304400||R R.BARBOSA DE FREITAS 171 APTO 500|||MEIRELES|
|0150|800006996|ALIMPORT DIST.IND.UTILID.DOMES.LTDA|1058|02169801000100||114898724110|3550308||R Cruzeiro|443|||
|0150|800007034|MLS TRANSP. E CARGAS LTDA|1058|11114508000218||336249093118|3518800||AV. JUSTINO DE MAIO, 840|840||Cidade Industrial SatÚlit|
|0150|800007042|IRMAOS FISCHER S/A IND.E COM.|1058|82984287000104||250176475|4202909||RD Antônio Heil|5600||Limoeiro|
|0150|800007045|MARGARIDA MAGDA BEZERRA F. FORTE|1058||06068219372||2304400||Av Beira Mar|1140|7 ANDAR|Meireles|
|0150|800007047|M. SHOP COMERCIAL LTDA|1058|01490698000800||116003947116|3550308||RUA LAGUNA||365|JD CARAVELAS|
|0150|800007072|TRANSFAX-LOG TRANSPORTES UNDA.|1058|09091520000121||336819340118|3518800||R Rua Corumbá de Goiás|111||Cidade Industrial SatÚlit|
|0150|800007073|DREAM TRAVEL|1058|09026449000101|||2300754||AV DOS COQUEIROS||S/NDOS COQUEIROS S/N|CENTRO|
|0150|800007074|SOYOS DIST.DE ART.VID.CRIST. S/A|1058|03449322000100||305075828113|3515707||R Prefeito Takume Koike|152||Núcleo Itaim|
|0150|800007075|PHILIPS DO BRASIL LTDA|1058|61086336014406||7070084780224|3170701||R Otto Salgado|250||Distrito Industrial Cláud|
|0150|800007076|BANCAFIL COM.DE EXP.E IMP.LTDA|1058|64095946000161||112728088116|3550308||R RUA BARRA DO TIBAJI,1126/1128||||
|0150|800007077|CEVA LOGISTCS LTDA|1058|43854116006484||407414996117|3525904||Av Engenheiro Tasso Pinheiro|1111||Distrito Industrial|
|0150|800007078|PHILIPS DO BRASIL LTDA.|1058|61086336001851||062001060|1302603||Avenida Torquato Tapajos|2236|Parte|Flores|
|0150|800007079|ELECTROLUX DO BRASIL S.A|1058|76487032004384||637314973110|3548906||R RODOVIA SP 318 S/N-KM245||||
|0150|800007080|EDFORT COML.IMPORT.EXP.LTDA|1058|01468951000152||115031859112|3550308||R RUA SERGIPE,|475|||
|0150|800007081|PHILIPS DO BRASIL LTDA|1058|61086336002157||407492589117|3525904||Av Engenheiro Tasso Pinheiro|1111||Vila Maringá|
|0150|800007082|PREMIUM - PREST DE SERV COMBINADOS P/ COND LTDA|1058|10857995000165|||2304400||Ru. Dom Expedito Lopes|2545||Dionisio Torres|
|0150|800007083|RCM ESTRUTURAS METALICAS S/S|1058|35246768000124|||2304400||Av Desembargador Moreira|2020||Aldeota|
|0150|800007084|SERVICOS EDUCACIONAIS SAPIENS LTDA|1058|04221686000100|||2304400||Av dos Expedicionários|9360||Benfica|
|0150|800007086|MALHADA HOTEIS LTDA|1058|10962574000102|||2307254||Av Manoel Teixeira|250|RUA DA MATRIZ 250|Centro|
|0150|800007088|ANA CECILIA FRANCO CAVALCANTE|1058||49187860813||2304400||R Leonardo Mota|460||Meireles|
|0150|800007089|INST.PROJ.INV.SAUDE E DESENV.SOCIAL|1058|73458630000188|||2304400||Av Santos Dumont|1890||Centro|
|0150|800007090|DAGMAR SANTOS MAGALNHAES|1058||73159150445||2307601||Pr JosÚ Osterne|79|RUA CORONEL GADELHA|Centro|
|0150|800007094|ALRIENIO SOARES DE ALMEIDA|1058||51210525372||2304400||R Maria Tomásia|1245||Aldeota|
|0150|800008026|LOJAS CARROSSEL COM. E REP.LTDA|1058|23455967000597||066697743|2304400||WASHINGTON SOARES||85 TERREO L.58A085|Edson Queiroz|
|0150|800008028|WHIRLPOOL S.A.|1058|59105999000348||587083307116|3543907||Av 80 A|777||Distrito Industrial|
|0150|800008033|UNIMED COOP.TRAB.MED.CIAL MARACANAU|1058|05868278000603|||2307650||R RUA DEZ|646|RUA 10 646|Jereissati I|
|0150|800008034|COND.EDIF.MAISON CHALES DEGAULLE|1058|11664125000132|||2304400||R Eduardo Garcia|716||Aldeota|
|0150|800008035|LIANE MARIA GALVAO|1058||19111134453||2304400||R Barbosa de Freitas|1111||Meireles|
|0150|800008036|FRANCISCO POTIGUARA DA FROTA|1058||31808182391||2304400||R Doutor JosÚ Lourenço|440||Meireles|
|0150|800008037|LUIZ GONZAGA NOGUEIRA MARQUES FILHO|1058||41059085372||2304400||R Marechal Rondon|100||Aldeota|
|0150|800008038|AFER DO BRASIL, LTDA.|1058|05409526000143||336704223117|3518800||Rua Umbuzeiro|162||Cid. Ind Satelite de SP|
|0190|UN|unidad|
|0190|PC|pacote|
|0190|UD|unidade|
|0190|CJ|conjunto|
|0190|JG|jogo|
|0190|PEC|pecote|
|0190|CX|Caixa|
|0200|030130|REF.BRASTEMP F.FREE 352L BRM39 INOX|||UN|00||||||
|0200|030133|REF.BRASTEMP F.FREE 352L BRM39 BR|||UN|00||||||
|0200|030250|SEC.BRASTEMP/PISO ROTAT.BSX10A PRATA|||UN|00||||||
|0200|030253|SEC.BRASTEMP/PISO ROTAT.BSR10A BR|||UN|00||||||
|0200|030303|LAVALOUCA BRASTEMP 12SERV.BLE12 BR|||UN|00||||||
|0200|030333|LAVAROUPA BRASTEMP 11KG BWL11 INOX|||UN|00||||||
|0200|030353|LAVASECA BRASTEMP 7kg/4Kg BWS24 PRATA|||UN|00||||||
|0200|030363|LAVAROUPA BRASTEMP 8KG BWB08A|||UN|00||||||
|0200|030373|LAVAROUPA TOTAL BRASTEMP 9KG BWL09A|||UN|00||||||
|0220|PC|1,000|
|0200|030383|LAVAROUPA BRASTEMP 11Kg BWL11 BR|||UN|00||||||
|0200|030433|FOGAO BRASTEMP CLEAN 4B BFO50BB BR|||UN|00||||||
|0200|030443|FOGAO BRASTEMP CLEAN 6B BFO76BB BR|||UN|00||||||
|0200|030450|FOGAO BRASTEMP CLEAN 4B BFO50 INOX|||UN|00||||||
|0200|030460|FOGAO BRASTEMP CLEAN 6B BFO76 INOX|||UN|00||||||
|0200|030523|DEPURADOR BRASTEMP DE VILLE 4B BAA60|||UN|00||||||
|0200|030533|DEPURADOR BRASTEMP DE VILLE 6B BAA80|||UN|00||||||
|0200|030543|DEPUR.BRASTEMP QUALITY 4B XAT60 INOX|||UN|00||||||
|0200|030553|DEPUR.BRASTEMP QUALITY 6B XAT80 INOX|||UN|00||||||
|0200|030910|COOKTOP BRASTEMP 5B GAS VIDRO BDD76|||UN|00||||||
|0200|030940|FRIGO.BRASTEMP PORT/VIDRO 80L BZA08|||UN|00||||||
|0200|030960|ADEGA BRASTEMP 12GARRFAS BZC12 PRETA|||UN|00||||||
|0200|030970|FRIGOBAR BRASTEMP 120L BRC12X INOX|||UN|00||||||
|0200|031073|FOG.BRAST.ATIVE EMB.5B TIME BY776 BR|||UN|00||||||
|0200|031130|COIFA BRASTEMP BAI91 INOX|||UN|00||||||
|0200|031170|FOG.BRASTEMP ATIVE 5B EMB. BY776 INOX|||UN|00||||||
|0200|031240|ASPIRADOR PO BRASTEMP CLEAN B7B14A|||UN|00||||||
|0200|040013|REF.CONSUL F.FREE 360L CRB36 BR|||UN|00||||||
|0200|040103|FREEZER CONSUL 260L CVU26D BR|||UN|00||||||
|0220|PC|1,000|
|0200|040133|FRIGOBAR CONSUL 120L CRC12A BR|||UN|00||||||
|0200|040173|FREEZER CONSUL 200L CVU20D BR|||UN|00||||||
|0200|040183|FREEZER CONSUL 100LTS CVT10B BRANCO|||UN|00||||||
|0200|040213|REF.CONSUL F.FREE 330L CRM33A BR|||UN|00||||||
|0220|PC|1,000|
|0200|040223|REF.CONSUL F.FREE 370L CRM37 BR|||UN|00||||||
|0200|040250|AR COND.CONSUL 7500 CCN07 C/CONT.|||UN|00||||||
|0200|040280|AR COND.CONSUL 12000 CCY12A C/CONTROLE|||UN|00||||||
|0200|040290|AR COND.CONSUL 10000 CCN10 C/CONT.|||UN|00||||||
|0220|PC|1,000|
|0200|040340|AR CONDICIONADO CONSUL 18000 CCI18C|||UN|00||||||
|0200|040383|FOG.CONSUL FACILITE 4B CF550 INOX|||UN|00||||||
|0200|040393|FOG.CONSUL FACILITE 6B CF576 INOX|||UN|00||||||
|0200|040423|LAVAROUPA CONSUL 7KG CWI07 BR|||UN|00||||||
|0200|040430|DEPURADOR CONSUL 4B CAT60 INOX|||UN|00||||||
|0200|040440|DEPURADOR CONSUL 6B CAT80 INOX|||UN|00||||||
|0200|040520|AR SPLIT CONSUL 12000BTU CBV12/CBY12|||UN|00||||||
|0220|PC|1,000|
|0200|040550|ASPIRADOR PO CONSUL LEVE C7P13B|||UN|00||||||
|0200|070410|TV CCE 14" C/CONTROLE HPS-1497|||UN|00||||||
|0200|070420|TV CCE 14" TELA PLANA TV-1418|||UN|00||||||
|0200|090240|GRILL/SANDUICHEIRA NKS I-15 PRETA/IN|||UN|00||||||
|0200|100030|FOGAO ESMALTEC SAMOA 4B INOX 4013|||UN|00||||||
|0220|UD|1,000|
|0200|100160|GELAGUA ESMALTEC EGC35B INOX PR|||UN|00||||||
|0220|UD|1,000|
|0200|100200|GELAGUA COLUNA ESMALTEC EGC35B|||UN|00||||||
|0200|100210|GELAGUA MESA ESMALTEC EGM30 BR|||UN|00||||||
|0200|120020|LIQUIDIFICADOR C/FILTRO MONDIAL L-51|||UN|00||||||
|0200|120060|PANIFICADORA MONDIAL PF-51|||UN|00||||||
|0200|120080|VENTILADOR COLUNA 40CM MONDIAL V-61|||UN|00||||||
|0200|120090|VENTILADOR 30CM MONDIAL NV-31|||UN|00||||||
|0200|120110|CIRCULADOR TORRE MONDIAL CT-01|||UN|00||||||
|0200|150040|VENTILADOR MALLORY BOREAL 30CM|||UN|00||||||
|0200|180203|F.MIC.PANASONIC FAMILY 35L NN-ST669|||UN|00||||||
|0200|180260|F.MI.PANASONIC PICCOLO NN-ST359 PRATA|||UN|00||||||
|0200|180280|TEL.S/FIO PANASONIC KXTG1371(1,9GHz)|||UN|00||||||
|0200|180290|TELEF.BINA PANASONIC KXTG1381(1,9GHZ)|||UN|00||||||
|0200|180580|RAMAL/SECRET.PANASONIC KX-TG6522|||UN|00||||||
|0200|180700|TV PANASONIC PLASMA 5O" 3D TC-P50UT50B|||UN|00||||||
|0200|180770|TV PANASONIC LCD DTV 32" TC-L32C30B|||UN|00||||||
|0200|180790|TV PANASONIC LCD 42" TC-L42U30B|||UN|00||||||
|0200|180860|LIXADOR/PEDICURE PANASONIC ES2502|||UN|00||||||
|0200|180920|SUPORTE P/TV LCD 17"A 60" FIXO|||UN|00||||||
|0200|220183|LAVAROUPA ELECTROLUX 9KG LTE09|||UN|00||||||
|0200|220283|F.ELECTROLUX F.FREE 236L FFE24 BR|||UN|00||||||
|0200|220370|FOG.ELECTROLUX 2xFORNO 4B INOX 56DTX|||UN|00||||||
|0200|290060|FORNO ELETRICO SUGGAR 23L FE2322 INOX|||UN|00||||||
|0200|290190|SANDUICHEIRA SUGGAR SD-2022|||UN|00||||||
|0200|290220|LIQUID.SUGGAR LIQMAX LQ2222|||UN|00||||||
|0200|290230|GRILL COOK PRESS SUGGAR GR2042|||UN|00||||||
|0200|290300|CAFETEIRA SUGGAR 20XIC.INOX CF2022|||UN|00||||||
|0200|330050|FERRO WALITA AUTOMATICO RI133|||UN|00||||||
|0200|330090|BATEDEIRA WALITA RI7110|||UN|00||||||
|0200|330150|LIQUID. WALITA ALUMINIO RI2094|||UN|00||||||
|0200|330210|LIQUID. WALITA 2V RI2008|||UN|00||||||
|0200|330250|SANDUIC.WALITA GRILL 2386 PANINI|||UN|00||||||
|0200|500561|PICADOR/CEBO.BLACK WHITE MIMO SF9213|||UN|00||||||
|0200|501850|LIXEIRA TELA 26CM MIMO ALX03|||UN|00||||||
|0200|502030|SACA ROLHA EMBORRACHADO MIMO AC9188|||UN|00||||||
|0200|502191|BAND./ALCA ONDUL.INOX PQ MIMO BJ1104|||UN|00||||||
|0200|502371|SUPORTE/PAREDE/UTENS.MIMO ASA9157|||UN|00||||||
|0200|502383|PRENDEDOR/ALIM.SILIC.4PC.MIMO SN1064|||UN|00||||||
|0200|502390|DESCANSO/PANELA SILIC.MIMO SN1057/58|||UN|00||||||
|0200|650200|PROTETOR P/GARRAFAO AQUAXIQUE|||UN|00||||||
|0200|660090|GARRAFA TERM.SAMBA QUICK 1L COLOR|||UN|00||||||
|0200|701390|MINI ESPANADOR HUDSON SX30011|||UN|00||||||
|0200|710020|ESCORREDOR 20PRATOS MAK INOX|||UN|00||||||
|0200|813370|BALDE P/PIPOCA PLAST.EDF.GRANDE SX96|||UN|00||||||
|0200|890210|JG.6PANELAS TRAMONT.INOX 65510/200|||UN|00||||||
|0200|890430|LIXEIRA C/PEDAL 20L INOX TRAM.94538/20|||UN|00||||||
|0200|900252|JG.6MINI FORMAS SIL.QUAD.FULL 15021|||UN|00||||||
|0200|902550|PEDRA P/AMOLAR FACA FULL 15827|||UN|00||||||
|0200|910710|SALADEIRA KING RICAELLE PM7B/12|||UN|00||||||
|0200|910782|JG.6TACAS CLAUDIA V.BRANCO RICAELLE|||UN|00||||||
|0200|940390|CAPA P/MAQUINA DE LAVAR KOUNTRY|||UN|00||||||
|0200|950010|FOGAO GAS PORTATIL CHEFS YOI PRETO|||UN|00||||||
|0200|950310|CHURRASQ.ELET.FISCHER GRILL 4513|||UN|00||||||
|0200|040123|FRIGOBAR CONSUL 80L CRC08A BR|||UN|00||||||
|0200|040570|ASPIRADOR PO CONSUL FACILITE C7P14A|||UN|00||||||
|0200|104040|COPO P/AGUA KABALLA SORTIDOS 10240|||UN|00||||||
|0200|180380|MINI SYSTEM PANASONIC SC-AKX80|||UN|00||||||
|0200|501351|PORTA GUARDANAPO MIMO ASA19|||UN|00||||||
|0200|502190|BAND./ALCA ONDUL.INOX GR MIMO BJ1103|||UN|00||||||
|0200|502200|BAND./ALCA OVAL INOX PQ MIMO BJ1105|||UN|00||||||
|0200|900692|MURAL/FOTO PRETO 15 FOTOS FULL 17079|||UN|00||||||
|0200|950120|JG.AMERICANO 4PCS YOI AHG479|||UN|00||||||
|0200|030093|FREEZER BRASTEMP F.F 280L BVR28 BR|||UN|00||||||
|0200|030123|REF.BRASTEMP INVERSE 422L BRE50 INOX|||UN|00||||||
|0200|031120|COIFA BRASTEMP BAI60 INOX|||UN|00||||||
|0200|031160|FOG.BRAST.ATIVE 5B TIMER BF776 INOX|||UN|00||||||
|0200|031190|FOG.BRASTEMP.ATIVE 4B GRILL BF850 BR|||UN|00||||||
|0200|040203|REF.CONSUL F.FREE 330 CRM33 INOX|||UN|00||||||
|0200|050973|REF.BOSCH GLASS 445L KDN50X ESPELHO|||UN|00||||||
|0200|051060|COOKTOP BOSCH 2B GAS INOX PCD-345C|||UN|00||||||
|0200|120130|ESPREMEDOR PREMIUM MONDIAL E-02|||UN|00||||||
|0200|220133|LAVAROUPA ELECTROLUX 15KG LA15F|||UN|00||||||
|0200|270020|TV LG 23" LED/MONITOR FULL HD M2380A|||UN|00||||||
|0200|330030|LIQ.WALITA 3V FILTRO/ESPATULA RI2034|||UN|00||||||
|0200|500050|CAFETEIRA ALUM.P/9 XIC.MIMO AF09|||UN|00||||||
|0200|500380|CAFETEIRA INOX P/4 XIC.MIMO AFA04|||UN|00||||||
|0200|500820|ESCUMADEIRA MIMO ASA3|||UN|00||||||
|0200|700620|AMASSADOR ALHO/RECIP.HUDSON FK45589|||UN|00||||||
|0200|702180|ESCORREDOR/PRATO/DOB.HUDSON PRCDD100|||UN|00||||||
|0200|760058|FRUTEIRA 30CM BRILHANTE 06/391/30|||UN|00||||||
|0200|810880|PEG.P/SALADA 28CM EDF.GL194|||UN|00||||||
|0200|813550|GARRAFA TERMICA 1L COLOR EDFORT GAF|||UN|00||||||
|0200|820820|CLIP MAGNETICO/SOM QUADRIF.3300|||UN|00||||||
|0200|890550|JG.PANELAS TRAMONT.5PCS 65650700|||UN|00||||||
|0200|104090|JG.BANHEIRO 4PCS KABALLA SORTIDOS|||UN|00||||||
|0200|200360|DVD PHILIPS KARAOKE/MIC.DVP-3350KMX|||UN|00||||||
|0200|500810|RALADOR 4FACES QUAD.8 MIMO ASA8|||UN|00||||||
|0200|040143|REF.CONSUL DEGELO SECO 300L CRA30 BR|||UN|00||||||
|0200|050840|DEP.BOSCH PROFESSIONAL 6B DHB845 INOX|||UN|00||||||
|0200|090280|FORNO ELETRICO NKS DKS-690|||UN|00||||||
|0200|150410|TORRADEIRA MALLORY TOSTARE PLUS|||UN|00||||||
|0200|680940|QUEIJEIRA VERONA SOYUS|||UN|00||||||
|0200|702210|JG.JANTAR REDONDO 20PCS HUDSON GL116|||UN|00||||||
|0200|840620|PRATO GIRAT.35CM BENC.740|||UN|00||||||
|0200|180390|DVD HOME THEATER PANASONIC SC-PT580LB|||UN|00||||||
|0200|700320|TAMPA P/LATA REFRIG.HUDSON JO-05101|||UN|00||||||
|0200|090200|PRANCHA ALIS.SECO MOLHADO NKS TS650|||UN|00||||||
|0200|090250|PRESS GRILL NKS TSK-1455|||UN|00||||||
|0200|100053|FOGAO ESMALTEC HAWAII 6B 6005 BR|||UN|00||||||
|0200|220303|REF.ELECTROLUX F.FREE DF50 BR|||UN|00||||||
|0200|500340|PENEIRA INOX 10CM MIMO AP10|||UN|00||||||
|0200|500360|PENEIRA INOX 16CM MIMO AP16|||UN|00||||||
|0200|500630|CORTADOR/QUEIJO MIMO ASA12|||UN|00||||||
|0200|501110|FAQUEIRO 72PCS MIMO MAL.AT72A/AT1072A|||UN|00||||||
|0200|502202|BAND.REDONDA/ALCA INOX MIMO BJ1107|||UN|00||||||
|0200|700972|MELEIRA HUDSON MS80151|||UN|00||||||
|0200|950300|CHURRASQ.ELET.FISCHER SWIFT 4665|||UN|00||||||
|0200|090350|PRESS GRILL TP/VIDRO NKS TSK-2161|||UN|00||||||
|0200|900121|CANECA INOX P/VIAGEM FULL 13921|||UN|00||||||
|0200|500560|PICADOR/CEBOLA CROM.MIMO SF9214|||UN|00||||||
|0200|030630|LAVALOUCA BRASTEMP 8SERV.PLE20 PRATA|||UN|00||||||
|0200|031100|F.MIC.BRASTEMP GRATINE 30L BMX35 INOX|||UN|00||||||
|0200|050543|FOGAO CONT.PERFETTO 4B FSF12 BR|||UN|00||||||
|0200|050830|DEP.BOSCH PROFESSIONAL 4B DHB645 INOX|||UN|00||||||
|0200|090320|MICRO SYSTEM NKS MP3 PCD3005|||UN|00||||||
|0200|104050|TACA ESPUMANTE KABALLA SORTIDOS 10250|||UN|00||||||
|0200|120040|MINI PROCESSADOR MONDIAL MP-01|||UN|00||||||
|0200|120050|GRILL PREMIUM MONDIAL G-01|||UN|00||||||
|0200|120140|FERRO SECO NACIONAL MONDIAL F-11|||UN|00||||||
|0200|180253|F.MIC.PANASONIC PERFECT NN-ST568|||UN|00||||||
|0200|180263|F.MIC.PANASONIC PICCOLO NST369 LIGHT|||UN|00||||||
|0200|180810|DEPILADOR PANASONIC SEC/MOLH.ES2059|||UN|00||||||
|0200|220403|FOGAO ELECTROLUX 5B 76STX INOX|||UN|00||||||
|0200|330020|LIQUIDIFICADOR WALITA 3V RI2035/00|||UN|00||||||
|0200|330240|ESPREMEDOR|||UN|00||||||
|0200|670890|AGUA PERFUMADA P/AMBIENTE 230ML|||UN|00||||||
|0200|701420|MINI LIMPADOR HUDSON EV-FGR-M|||UN|00||||||
|0200|812010|LUVAS/SILICONE EDFORT GL234|||UN|00||||||
|0200|900570|ESPONJA P/LAVAR 25CM FULL 20076|||UN|00||||||
|0200|902230|GARRAFA P/AGUA 1000ML FULL 14893|||UN|00||||||
|0200|060210|BIC.ERGOMETRICA CALOI CLASSIC CLB10|||UN|00||||||
|0200|030293|LAVALOUCA BRASTEMP 8SERV.BLE20 BR|||UN|00||||||
|0200|040233|REF.CONSUL F.FREE 450L CRM45 INOX|||UN|00||||||
|0200|050683|REFRIG. CONTINENTAL 270L RC27 BR|||UN|00||||||
|0200|050983|REF.BOSCH F.FREE 403L KDN43A BR|||UN|00||||||
|0200|051070|COOKTOP BOSCH 2B VITROCERAMIC PKC345|||UN|00||||||
|0200|051220|FOG.BOSCH STYLE GRILL 4B HSF43I INOX|||UN|00||||||
|0200|051320|FOGAO BOSCH EXPR.GRIL 5B EM.INOX HEK|||UN|00||||||
|0200|090010|FORNO ELETRICO NKS DKS-650C|||UN|00||||||
|0200|100013|FOGAO ESMALTEC CARIBE 4B BR|||UN|00||||||
|0200|104190|BALDE KABALLA SORTIDOS 10710|||UN|00||||||
|0200|180900|BARBEADOR PANASONIC ES7101/ESRT31|||UN|00||||||
|0200|680150|PRATO BRAS.P/BOLO C/TAMPA 28CM SOYUS|||UN|00||||||
|0200|710280|ESCORREDOR 20PRATOS MAKINOX COLOR|||UN|00||||||
|0200|910010|PORTA TALHER C/TP RICAELLE 165|||UN|00||||||
|0200|500390|CAFETEIRA INOX P/6 XIC.MIMO AFA06|||UN|00||||||
|0200|810520|ESPREMEDOR ALHO EDFORT GL120|||UN|00||||||
|0200|040453|LAVAROUPA CONSUL 6KG CWI06 BR|||UN|00||||||
|0200|050993|REF.BOSCH SIDE BY SIDE KAN60 INOX|||UN|00||||||
|0200|150050|LIQUIDIFICADOR MALLORY EXPERT 2V|||UN|00||||||
|0200|740240|JG.P/VINHO 4PCS PALANI ZX928L|||UN|00||||||
|0200|790160|JG.JANTAR 20PCS GLOBAL.|||UN|00||||||
|0200|950090|BUTANO IWATANI 250GR YOI|||UN|00||||||
|0200|950212|CONJ.4TABUAS P/CORTE YOI|||UN|00||||||
|0200|502381|APOIO MULTIUSO SILIC.MIMO SN1056|||UN|00||||||
|0200|910170|CUPULA NAPOLES MEDIA RICAELLE 380|||UN|00||||||
|0200|910720|JG.P/BOLO KING 7PCS RICAELLE NGR12S|||UN|00||||||
|0200|040163|REF.CONSUL 241L DISPENSER CRP28B BR|||UN|00||||||
|0200|200380|MINI SYSTEM PHILIPS MP3 FWM208|||UN|00||||||
|0200|500690|PORTA PAPEL TOALHA MIMO AC09|||UN|00||||||
|0200|902941|TESOURA MULTIUSO INOX FULL 15750|||UN|00||||||
|0200|702070|POTE RETANG.HUDSON 450ML KX71502|||UN|00||||||
|0200|700242|POTE PLAST.P/CONSERVA HUDSON MS31315|||UN|00||||||
|0200|200390|DISC PLAYER PHILIPS BLUR-RAY BDP3100X|||UN|00||||||
|0200|813660|CAIXA DECORATIVA EDFORT MEDIA SH23|||UN|00||||||
|0200|813661|CAIXA DECORATIVA EDFORT PEQ. SH23|||UN|00||||||
|0200|900212|ESPATULA NYLON CABO INOX FULL.12623|||UN|00||||||
|0200|900242|DESCANSO/PANELA SILIC.FULL 16156|||UN|00||||||
|0200|901541|TABUA/FACA/VID/QUEIJO 30C FULL 16648|||UN|00||||||
|0200|940360|AVENTAL AFLANELADO JAQUES 002|||UN|00||||||
|0200|850070|CHAPA C/ALCA FUMIL 460X250|||UN|00||||||
|0200|900732|PORTA GARRAFA GARCON FULL 16484|||UN|00||||||
|0200|250480|FORNO/GAS GE 60CM EMB.INOX FOGGE060|||UN|00||||||
|0200|270010|TV SANSUNG 20" LCD/MONITOR 2033M|||UN|00||||||
|0200|030143|FREEZER BRASTEMP 240L BVG24G BR|||UN|00||||||
|0200|030830|FREEZER BRASTEMP F.F 280L BVR28 INOX|||UN|00||||||
|0200|030850|REF.BRASTEMP ALL 360L BRF36 INOX|||UN|00||||||
|0200|031093|FORNO MIC.BRASTEMP ATIVE 30L BMS45BR|||UN|00||||||
|0200|031110|F.MIC.BRASTEMP KING SIZE 38L BMX40 INOX|||UN|00||||||
|0200|031180|FOG.BRASTEMP 5B GOURMAND BF976 INOX|||UN|00||||||
|0200|040360|CLIMATIZADOR CONSUL PORTATIL CIF06AB|||UN|00||||||
|0200|040530|AR SPLIT CONSUL 9000BTU CBV09/CBY09|||UN|00||||||
|0200|070430|TV CCE 21" TELA PLANA TV2118|||UN|00||||||
|0200|103110|KIT.RODO,BALDE,REFIL,ROTECSUL|||UN|00||||||
|0200|180190|F.MIC.PANASONIC FLAT PANAG.NNGF580 PR|||UN|00||||||
|0200|180243|F.MIC.PANASONIC STYLE NNGD587 INOX|||UN|00||||||
|0200|180320|TELEFONE PANASONIC KX-TS9LBW|||UN|00||||||
|0200|200370|MICRO SYSTEM PHILIPS MCM-166X/78|||UN|00||||||
|0200|200480|RADIO CD PHILIPS MP3 AZ-302S|||UN|00||||||
|0200|250520|ADEGA GE P/23 GARRAFAS AVGEP23|||UN|00||||||
|0200|290033|DEPURADOR SUGGAR SIRIUS 4B DS62 BR|||UN|00||||||
|0200|290053|DEPURADOR SUGGAR SIRIUS 6B DS82 BR|||UN|00||||||
|0200|290210|PASSADEIRA SUGGAR/VAPOR/PROF.PV6282|||UN|00||||||
|0200|290310|VENTILADOR TORRE SUGGAR 74CM VE7422|||UN|00||||||
|0200|500020|PROTETOR DE ALIMENTOS MIMO AP35|||UN|00||||||
|0200|500021|PROTETOR DE ALIMENTOS MIMO AP30|||UN|00||||||
|0200|500160|CAFETEIRA ALUM.P/3 XIC.MIMO AF03|||UN|00||||||
|0200|500559|PORTA RETRATO 10X15 MIMO PF9106|||UN|00||||||
|0200|502070|JG.POTES RED. MIMO 4PCS VD9193|||UN|00||||||
|0200|502391|DESCANSO/UTENSIL.SILIC.MIMO SN1069|||UN|00||||||
|0200|660230|GARRAFA TERM.MELODY QUICK 1L COLOR|||UN|00||||||
|0200|900031|JARRA ECOL HAND 1500ML FULL 56164|||UN|00||||||
|0200|902171|JG.JANTAR PORC.42PCS RAIN FUL.15416|||UN|00||||||
|0200|902511|JG.6TACAS SOBREMESA VEGA FULL 56589|||UN|00||||||
|0200|950330|COIFA ISLAND FISCHER 5455|||UN|00||||||
|0200|970410|BOMBONIERE VIDRO CONTHEY 134406|||UN|00||||||
|0200|500082|JG.4TACAS SILVER P/AGUA MIMO TCS02|||UN|00||||||
|0200|500550|PA PARA BOLO MIMO ASA15|||UN|00||||||
|0200|501170|ESPATULA P/PATE MIMO ASA66|||UN|00||||||
|0200|902760|JG.3ESPATULA SILIC.CB/MAD.FULL 1503|||UN|00||||||
|0200|940440|PORTA MALA JAQUES 615|||UN|00||||||
|0200|031020|FOG.BRASTEMP ATIVE MAX.4B INOX BF760AR|||UN|00||||||
|0200|031150|FOG.BRASTEMP ATIVE 5B GRILL BF876 BR|||UN|00||||||
|0200|050970|COIFA BOSCH PIRAMIDE 90CM INOX DWW09|||UN|00||||||
|0200|051110|COOKTOP BOSCH 5B GAS INOX PCL755|||UN|00||||||
|0200|120170|KIT COZINHA COMPLETA MONDIAL KT06|||UN|00||||||
|0200|501800|BAND.RET.MED.ALCA OVAL MIMO YK9124|||UN|00||||||
|0200|813440|MEDIDOR 600ML EDFORT GL321|||UN|00||||||
|0200|900041|FORMA P/GELO EMBORRAC. FULL 1666|||UN|00||||||
|0200|902530|PILAO/BAMBU 5CM FULL 15756|||UN|00||||||
|0200|910900|VASO BOHEMIA 24CM RICAELLE 82501/245|||UN|00||||||
|0200|950231|JG.PANELAS VM ASD 4PCS YOI 9531|||UN|00||||||
|0200|500411|BATEDOR DE OVO SILICONE MIMO SN914|||UN|00||||||
|0200|500700|VASO CANELADO 20CM ALT.MIMO VD24|||UN|00||||||
|0200|502300|JG.AMERICANO 4PCS COLOR MIMO JA105|||UN|00||||||
|0200|290280|GRILL PETISCO SUGGAR GR3032|||UN|00||||||
|0200|500350|PENEIRA INOX 14CM MIMO AP14|||UN|00||||||
|0200|500370|PENEIRA INOX 18CM MIMO AP18|||UN|00||||||
|0200|501140|COLHER P/ARROZ MIMO ASA2|||UN|00||||||
|0200|501740|BAND.RETANG.MEDIO MIMO YK9123|||UN|00||||||
|0200|890560|BAIXELA TRAMONT.COSMOS 7PCS 64310080|||UN|00||||||
|0200|903280|CHAMPANHEIRA VINO DUO FULL 1647|||UN|00||||||
|0200|090130|RADIO RELOGIO AM/FM NKS GL-324|||UN|00||||||
|0200|501771|CESTO MED.RET.ALCA RETA MIMO YK9122|||UN|00||||||
|0200|900950|JG.3COLHERES COCKTAIL FULL 12830|||UN|00||||||
|0200|050890|FREEZER BOSCH 300L GSD32 INOX|||UN|00||||||
|0200|680470|JARRA IMPERIO MEDIA SOYUS|||UN|00||||||
|0200|900710|MOEDOR SAL/PIMENTA FULL 13675|||UN|00||||||
|0200|902210|GARRAFA P/AGUA 350ML FULL 14891|||UN|00||||||
|0200|900021|BANDEJA INOX PERLE REGEN. FULL 13912|||UN|00||||||
|0200|660780|ADEGA P/1 GARRAFA M.SHOP 40826|||UN|00||||||
|0200|980300|GARRAFA P/AGUA 1.5L R.1428|||UN|00||||||
|0200|813010|PETISQUEIRA 27CM EDFORT BA010|||UN|00||||||
|0200|702170|PORTA BOLO DOBRAVEL HUDSON PRBCC2|||UN|00||||||
|0200|900921|PORTA RETRATO 13X18 ALUM.FULL 13274|||UN|00||||||
|0200|661020|FACA CHEF C/FUROS INOX M.SHOP AM|||UN|00||||||
|0200|900023|ANEL AJUSTAV.P/BOLO REDON.FULL 15046|||UN|00||||||
|0200|970380|CENTRIFUGA/SALADA CONTHEY 123397|||UN|00||||||
|0200|680920|CINZEIRO CANADA SOYUS|||UN|00||||||
|0200|900100|CEPO MAD.C/5FACA CAB/SAND.FULL 13029|||UN|00||||||
|0200|150240|TORRADEIRA MALLORY TOSTARE DUO|||UN|00||||||
|0200|500622|RELOGIO PARED.BORDA FINO MIMO R10123|||UN|00||||||
|0200|502382|PRENDEDOR/EMB.SILIC.4PCS MIMO SN1063|||UN|00||||||
|0200|900751|COOLER TERMICO 30L TERMOM.FULL 20273|||UN|00||||||
|0200|220590|SPLIT ELECTROLUX 9000BTU PE09F/PI09F|||UN|00||||||
|0200|900042|JG.4GARFOS P/PETISCO FULL 17021|||UN|00||||||
|0200|500557|PORTARETRATO AÇO 10X15 MIMO PF9101|||UN|00||||||
|0200|890600|FAQUEIRO/ESTOJO 130PCS TRAMONT.66911|||UN|00||||||
|0200|900922|P/RETRATO MAD.METAL 13X18 FULL 13870|||UN|00||||||
|0200|030393|LAVAROUPA BRASTEMP ATIVE MJ 9K BWT09|||UN|00||||||
|0200|104030|COPO P/SUCO KABALLA SORTIDOS 10220|||UN|00||||||
|0200|105103|JG.POTES 2PCS C/TP GUINDER 8058|||UN|00||||||
|0200|220393|FOG.ELECTROLUX 2xFORNO 5B INOX 76DTX|||UN|00||||||
|0200|500040|CAFETEIRA ALUM.P/6 XIC.MIMO AF06|||UN|00||||||
|0200|500171|CHALEIRA COLORIDA MIMO AJ101|||UN|00||||||
|0200|501300|RALADOR MIMO ASA16|||UN|00||||||
|0200|501760|CESTO RET.ALCA RETA MIMO YK9125|||UN|00||||||
|0200|501780|CESTO PEQ.RET.ALCA OVAL MIMO YK9127|||UN|00||||||
|0200|502393|PINCEL SILIC.CB.ACRIL.MIMO SN1080|||UN|00||||||
|0200|530461|VASO SOLITARIO ROGEMAC NANCY 2350|||UN|00||||||
|0200|570070|QUEIJEIRA 280ML UD25 HERCULES|||UN|00||||||
|0200|700431|CJ.3CLIPS MEDIO HUDSON DA-DP33|||UN|00||||||
|0200|700930|CESTO P/SUTIEN HUDSON BBASI8124|||UN|00||||||
|0200|701170|TAMPA PLAST.VACUO HUDSON EVWPR|||UN|00||||||
|0200|761090|VASO 17CM BRILH.19/253/17|||UN|00||||||
|0200|810860|FACA DO CHEFE 8 EDF.GL179|||UN|00||||||
|0200|810891|PEG.UNIVERSAL 20,5CM EDFORT. GL203|||UN|00||||||
|0200|880060|FRIGID.30 TEGAME MULTIFLON 45230|||UN|00||||||
|0200|890360|FAQUEIRO LAGUNA 42PCS TRAMOT.66906/774|||UN|00||||||
|0200|890370|FAQUEIRO LAGUNA 76PCS TRAMOT.66906/30|||UN|00||||||
|0200|890422|LIXEIRA INOX 5L TRAMONTINA 94538/05|||UN|00||||||
|0200|890440|LIXEIRA C/PEDAL 3L INOX TRAM.94538/03|||UN|00||||||
|0200|900900|PILAO INOX CAB.PLAST.FULL 13956|||UN|00||||||
|0200|950350|FOG. ELET.DIG.INDUCAO FISCHER 1Q 12828|||UN|00||||||
|0200|950360|COOKTOP VIDRO 4B FISCHER PR 1519-5713|||UN|00||||||
|0200|950390|COOKTOP VIDRO 5B FISCHER TCHAMA 1743|||UN|00||||||
|0200|950450|F.MICROONDAS FISCHER EMB.INOX 6946|||UN|00||||||
|0200|950460|COIFA PARED FISCHER TALENT 60cm.9347|||UN|00||||||
|0200|104080|CANEKABALLA/PRATO SORTIDOS 10330|||UN|00||||||
|0200|120150|LIQUIDIFICADOR 2V MONDIAL L-26|||UN|00||||||
|0200|500290|ESCORREDOR MULT.INOX C/AL?A MIMO A5000|||UN|00||||||
|0200|501130|CONCHA MIMO ASA1|||UN|00||||||
|0200|521100|MINI SOPEIRA/TP 9CM ALIMP.P00705|||UN|00||||||
|0200|680020|JARRA IMPERIO GRANDE SOYUS|||UN|00||||||
|0200|820851|DESCAROSADOR/AZEITONA QUADRIF.KCD9914|||UN|00||||||
|0200|890350|CUSCUZEIRA INOX TRAMOTINA 65650|||UN|00||||||
|0200|900060|FORMA P/OVO SILICONE FULL 1477|||UN|00||||||
|0200|902710|JG.5FACAS/QUEIJO FULL 13774|||UN|00||||||
|0200|970200|CANECA PORCELANA 345ML CONTHEY 1445|||UN|00||||||
|0200|031260|F.MIC.BRASTEMP OVEN GRIL 30L BMT45 INOX|||UN|00||||||
|0200|031263|F.MIC.BRASTEMP OVEN GRIL 30L BMF45 BR|||UN|00||||||
|0200|105100|CUSCUZEIRA GUINDER 7075|||UN|00||||||
|0200|105106|BANDEJA C/ALCA GUINDER 7181|||UN|00||||||
|0200|500170|CHALEIRA INOX MIMO AJ10129|||UN|00||||||
|0200|500510|RALADOR PARA MESA 9" MIMO ASA09|||UN|00||||||
|0200|500580|ABRIDOR DE TAMPAS MIMO ASA38|||UN|00||||||
|0200|500790|GARFO P/COZINHA MIMO ASA4|||UN|00||||||
|0200|501080|ESPATULA FECHADA MIMO ASA6|||UN|00||||||
|0200|501270|PORTA GUARDANAPO MIMO AC703|||UN|00||||||
|0200|501980|JG.CANECA CER.BICOL.4PCS MIMO CR966|||UN|00||||||
|0200|680010|JARRA IMPERIO SOYUS PEQUENA|||UN|00||||||
|0200|680930|PRATO P/BOLO VERONA SOYUS|||UN|00||||||
|0200|700340|QUEIJEIRA/TAMPA HUDSON KS-M376|||UN|00||||||
|0200|701460|JG.2CONES P/SORVETE HUDSON JO-05199|||UN|00||||||
|0200|890340|JG.P/FRIOS 2PCS INOX TRAMOTINA 64510|||UN|00||||||
|0200|890380|JG.5PANELAS ALEGRA TRAMONT.65650/300|||UN|00||||||
|0200|890421|LIXEIRA C/SENSOR 6L TRAMONT.94543|||UN|00||||||
|0200|910200|SUPORTE P/PRATO GR.RICAELLE SG|||UN|00||||||
|0200|102801|BANDEJA ESPELHO QUAD.ARTE M 206|||UN|00||||||
|0200|105400|COPO MEDIDOR GUINDER 5781|||UN|00||||||
|0200|120070|CENTRIFUGA JUICE MONDIAL CF-02|||UN|00||||||
|0200|500140|JG UTENCIL.C/7P?S(PAREDE)AS7A MIMO|||UN|00||||||
|0200|660261|JG.4FACAS P/PATE LINEA M.SHOP 30006|||UN|00||||||
|0200|104200|TACA GIULIA 190ML KABALLA 10266|||UN|00||||||
|0200|104300|TACA GLORIA 400ML KABALLA 10268|||UN|00||||||
|0200|105105|PORTA FRIOS 3PCS GUINDER 7211|||UN|00||||||
|0200|220100|AR COND ELECTROLUX 7500 EC07F|||UN|00||||||
|0200|290153|SEC.COMPACTA SUGGAR SEMI-AUTOMATICA BR|||UN|00||||||
|0200|500780|PINCA P/CHURRASCO MIMO ASA37|||UN|00||||||
|0200|660181|JARRA PRINCETON 1,35L M.SHOP 30509|||UN|00||||||
|0200|660182|JARRO BAR OVAL M.SHOP 30608|||UN|00||||||
|0200|660284|JG.AMERICANO BAMBU AZ. M.SHOP|||UN|00||||||
|0200|700730|JG 3CLIPS/TRAVA HUDSON EVCLBC|||UN|00||||||
|0200|701620|SACOLA/LAVAND.45X25 HUDSON WE375145|||UN|00||||||
|0200|811090|ESCORREDOR 22CM EDFORT COL22|||UN|00||||||
|0200|813560|GARRAFA TERMICA 1L EDFORT GAF12/14|||UN|00||||||
|0200|890500|JG. P/SERVIR OVAL 3PCS 64510184|||UN|00||||||
|0200|4513|CHURRASQUEIRA ELET FISCHER GRILL|7896513308213||UN|00||||||
|0200|4665|CHURRASQUEIRA ELETRICA FISCHER SWIFT GRILL|7896513308237||UN|00||||||
|0200|4720|FOGAO COOKTOP FISCHER 4Q GAS MESA INOX|7896513308572||UN|00||||||
|0200|00034009|APARELHO FONDUE GRAFIC BLACK 400ML|||CJ|00||||||
|0200|00042037|CJ 4 PCS BANHEIRO MULTI STRIPE|||UN|00||||||
|0200|106130|BANDEJA DE CAMA BEHLING BC12|||UN|00||||||
|0200|106080|SALADEIRA RASA MADEIRA BEHLING SR03|||UN|00||||||
|0200|220650|REFRIG.ELECTROLUX 543L DF80X INOX|||UN|00||||||
|0200|500090|JG.UTENCIL.C/07PCS(GIRAT.)MIMO AS7|||UN|00||||||
|0200|500300|ESCORREDOR MULTIUSO INOX 18CM MIMO|||UN|00||||||
|0200|500310|ESCORREDOR MULTIUSO INOX 21CM MIMO|||UN|00||||||
|0200|500330|ESCORREDOR MULTIUSO INOX 27CM MIMO A5027|||UN|00||||||
|0200|500621|RELOGIO PARED.FAIXA ALUM.MIMO R10118|||UN|00||||||
|0200|500770|DESCASCADOR/LEGUMES MIMO ASA22|||UN|00||||||
|0200|501190|JG.12GARFO/MESA MIMO AT10|||UN|00||||||
|0200|501770|CESTO PEQ.RET.ALCA RETA MIMO YK9126|||UN|00||||||
|0200|501790|CESTO QUADR.ALCA OVAL MIMO YK9129 GR.|||UN|00||||||
|0200|680970|JARRA PARIS SOYUS|||UN|00||||||
|0200|890450|LIXEIRA C/PEDAL 12L INOX TRAM.94538/12|||UN|00||||||
|0200|102300|BANDEJA VIDRO TRANSP.QUAD.ARTE P 146|||UN|00||||||
|0200|180950|TV PANASONIC PLASMA 65" FHD TC-P65VT50B|||UN|00||||||
|0200|520440|BALDE GELO VINO CURVA ALIMP.B32514|||UN|00||||||
|0200|530500|JG.BANHEIRO ROG.3P?S 1456|||UN|00||||||
|0200|101230|BALDE DE GELO ELEGANCE LUMI.51898|||UN|00||||||
|0200|120030|MINIFORNO MONDIAL FR-02|||UN|00||||||
|0200|501500|SALADEIRA PEQ. 20CM MIMO PB933P|||UN|00||||||
|0200|501791|CESTO QUADR.ALCA OVAL MIMO YK9128 MED.|||UN|00||||||
|0200|680420|SALADEIRA TAILANDIA CRISTAL SOYUS|||UN|00||||||
|0200|701080|ESPELHO CROMADO/PE HUDSON WE168921|||UN|00||||||
|0200|760054|FRUTEIRA C/PE BRILHANTE 06/307/13|||UN|00||||||
|0200|761070|BOMBONIERE BRILH.PORTICO 01/033/16|||UN|00||||||
|0200|810420|JOGO/JANTAR 20PCS OVAL EDF.RH13|||UN|00||||||
|0200|812750|GARFO/FACA P/QUEIJO EDFORT GD11|||UN|00||||||
|0200|812850|MANTEGUEIRA PORC. EDF. GAL05|||UN|00||||||
|0200|820480|PINCA SILICONE 22CM QUADRIF.4112|||UN|00||||||
|0200|880070|FRIGID.36 MASTER MULTIFLON 46036|||UN|00||||||
|0200|890230|PANELA PRESSAO 6L TRAMONT.INOX SOLAR|||UN|00||||||
|0200|940350|KIT CAIPIRINHA PLAST SHOW|||UN|00||||||
|0200|105040|PETISQUEIRA/CERAMICA 4PCS PONTO SUL|||UN|00||||||
|0200|120120|CENTRIFUGA PREMIUM MONDIAL CF-01|||UN|00||||||
|0200|501390|JARRA/VIDRO GR.35CM MIMO VD949G|||UN|00||||||
|0200|520870|CJ.P/MASSAS PLAST.VD ALIMP.BRPS42|||UN|00||||||
|0200|530210|JOGO P/LICOR 7PCS ROGEMAC 3032|||UN|00||||||
|0200|701050|POTE P/OMELET/MIC.HUDSON MS50174|||UN|00||||||
|0200|970090|JG.FONDUE 5PCS CONTHEY DI3465|||UN|00||||||
|0200|501430|VASO VIDRO GOMO 40CM MIMO VD956|||UN|00||||||
|0200|620030|BALDE TERMICO MODULOS 1L AUR.32216|||UN|00||||||
|0200|890320|CACAROLA FUNDA INOX TRAM. 62654|||UN|00||||||
|0200|901000|JG.BANHEIRO 3PCS FULL PRETO/BR 15201|||UN|00||||||
|0200|901060|JG.AMERIC.4PCS VIVIENNE FULL 14493|||UN|00||||||
|0200|680360|TACA MILANO MEDIA SOYUS|||UN|00||||||
|0200|890410|CALDEIRAO INOX TRAMONTINA 62655/200|||UN|00||||||
|0200|030083|REF.BRASTEMP F.FREE 490L BRM49 INOX|||UN|00||||||
|0200|051040|COOKTOP BOSCH 1B GAS INOX PCH345|||UN|00||||||
|0200|101220|TACA SOBREMESA 300ML LUMI.C5905|||UN|00||||||
|0200|850060|CHAPA DUPLA FACE 300 FUMIL|||UN|00||||||
|0200|105080|FRUTEIRA INOX 3 NIVEIS GUINDER 7297|||UN|00||||||
|0200|105301|FAQUEIRO INOX 42PCS GUINDER 42|||UN|00||||||
|0200|890590|PANEL.PRESSAO 4,5L TRAMONT.INOX 62513/223/222|||UN|00||||||
|0200|901270|BANDEJA COLO MADEI/TECIDO FULL 1807|||UN|00||||||
|0200|105101|CESTO P/COZI/FRIT.GUINDER 5873|||UN|00||||||
|0200|700861|MINI ESCORREDOR FRUTAS HUDSON PR-CC7|||UN|00||||||
|0200|900240|SEPARADOR GEMAS FULL 15058|||UN|00||||||
|0200|890540|JG.PANELAS TRAMONT.10PCS 65650800|||UN|00||||||
|0200|106020|MESA/COQUET.PRETO BEHLING BQVO1 PEQ.|||UN|00||||||
|0200|106070|PORTA GELO MADEIRA BEHLING PG01|||UN|00||||||
|0200|500270|JG.4 POTES/VIDRO INOX C/TP VD16 MIMO|||UN|00||||||
|0200|500750|PEGADOR DE SALADA MIMO ASA25|||UN|00||||||
|0200|501451|CENTRO/MESA/APOIO MIMO PQ. VD946P|||UN|00||||||
|0200|501580|FONDUE INOX C/6GARFOS MIMO AFSM|||UN|00||||||
|0200|501890|EXTRATOR DE POLPA MIMO ASA30|||UN|00||||||
|0200|501940|SALEIRO/PIMENT.VIDRO/INOX MIMO VD40|||UN|00||||||
|0200|502080|JG.GALHETEIRO RED. MIMO 2PCS VD9194|||UN|00||||||
|0200|520390|BALDE GELO BATH TRANSP.ALIMP.B30019|||UN|00||||||
|0200|903340|PORTA COPO NEW WINE FULL 15423|||UN|00||||||
|0200|500320|ESCORREDOR MULTIUSO INOX 24CM MIMO|||UN|00||||||
|0200|030183|REF.BRASTEMP F.FREE 490 L BRM49B BR|||UN|00||||||
|0200|106010|BANDEJA GIRAT.MADEIRA BEHLING BG1|||UN|00||||||
|0200|106110|JG.6TABUAS/MART./CARANG.BEHLING TL2|||UN|00||||||
|0200|531380|VASO SOLITARIO ROGEMAC 2349|||UN|00||||||
|0200|920700|PRATO BRANCO C/PE TOY.240053|||UN|00||||||
|0200|700433|PORTA BANANA HUDSON FK-42077|||UN|00||||||
|0200|500441|JG.4POTES/VIDRO MIMO VD38|||UN|00||||||
|0200|520920|CJ.2CANECAS PORC.ALIMP.CH10002|||UN|00||||||
|0200|531190|JG.6COPOS TRIOGLASS ROGEMAC 6739|||UN|00||||||
|0200|660110|REFIL P/GAR.SAMBA 1L M.CASSAB|||UN|00||||||
|0200|810060|JG.LICOR EDFORT 7PCS TZC01|||UN|00||||||
|0200|330120|FERRO WALITA VAPOR RI1717|||UN|00||||||
|0200|902286|CACAROLA PORC.C/TP BR GG.FULL 16195|||UN|00||||||
|0200|950510|COIFA FISCHER TRADITION 90CM 11176 IN|||UN|00||||||
|0200|180960|TV PANASONIC PLASMA 55" FHD TC-P55VT50B|||UN|00||||||
|0200|501400|JARRA/VIDRO 30CM PEQ.MIMO VD949P|||UN|00||||||
|0200|701023|TAMPA DOSADORA PLAST.HUDSON JO19144|||UN|00||||||
|0200|160100|CAFETEIRA OSTER 24XIC. 3302|||UN|00||||||
|0200|820690|TIGELA VACA 14CM QUADRI. MO2131|||UN|00||||||
|0200|702080|POTE RETANG.HUDSON 1,1L KX71504|||UN|00||||||
|0200|710300|ESCORREDOR 16P.CRISTAL MAKINOX|||UN|00||||||
|0200|810900|PEGADOR/MASSA 28CM EDFORT GL200|||UN|00||||||
|0200|00074057|PRATO GIRATORIO CLASSIC 35CM DIAM|||PC|00||||||
|0200|00074084|PRATO GIRATORIO GRAY FLOWERS 35CM DIAM|||UN|00||||||
|0200|00074092|PRATO GIRATORIO WHITE ROSES 45CM|||UN|00||||||
|0200|00074107|PRATO GIRATORIO 45CM DIAM CLEAR|||PC|00||||||
|0200|00074135|PRATO GIRATORIO PRETO 45CM DIAM|||PC|00||||||
|0200|00074140|PRATO GIRATORIO WAVE 40CM|||PC|00||||||
|0200|102072|BANDEJA VIDRO ARTE G BRANCO 80|||UN|00||||||
|0200|102080|BANDEJA 01 TAB. ARTE M 101|||UN|00||||||
|0200|102900|BANDEJA MADEIRA ARTE 311|||UN|00||||||
|0200|104181|JARRA 1,5L KABALLA SORTIDOS 106|||UN|00||||||
|0200|104400|CANECO TERMICO C/GEL KABALLA 10100|||UN|00||||||
|0200|105104|JG.POTES INOX 3PCS C/TP GUINDER 68|||UN|00||||||
|0200|105401|JG POTES VID 3PÇS C/TP GUINDER|||UN|00||||||
|0200|660263|JG.4FACAS P/PATE M.SHOP 60005|||UN|00||||||
|0200|501180|JG.12COLHER/MESA MIMO AT12C|||UN|00||||||
|0200|840580|TRAV.RETANG.TEFLON/BR BENC.48011|||UN|00||||||
|0200|030923|DEP.BRASTEMP EMB.4B VIDRO BAG60 BR|||UN|00||||||
|0200|520511|JG.4PRATOS/QUEIJO VINO ALIMP.RS714|||UN|00||||||
|0200|813640|FACA P/QUEIJO EDFORT DECORADA GD12|||UN|00||||||
|0200|900215|COLHER/FUROS NYLON CB/INOX FULL.12627|||UN|00||||||
|0200|500084|JG.4TACAS SILVER VINHO MIMO TCS01|||UN|00||||||
|0200|500112|JG 12FACA P/CHURRASCO MIMO AT12FD|||UN|00||||||
|0200|500123|SALEIRO/PIMENT.INOX MIMO 2PCS AQ04|||UN|00||||||
|0200|501352|SUPORTE P/PANELA INOX MIMO ASA35|||UN|00||||||
|0200|502373|JG.GALHETEIRO AZEIT.2PCS MIMO PE1029|||UN|00||||||
|0200|502403|JG.6XICARA CHA LACO FITA MIMO PB1045|||UN|00||||||
|0200|840122|PRATO P/BOLO PEDESTAL 34CM BENC.71035|||UN|00||||||
|0200|850110|FRIGIDEIRA COOK GRILL FUMIL 235X235|||UN|00||||||
|0200|970710|BANDEJA RETANG. PQ.CONTHEY D146905|||UN|00||||||
|0200|900291|JG.FACA E GARFO CB.SANDU.FULL 16263|||UN|00||||||
|0200|903281|CHAMPANHEIRA SALSA TRANSP.FULL 16472|||UN|00||||||
|0200|510050|BOMBONIERE CASSANDRA CRISTAL GS 22CM|||UN|00||||||
|0200|811890|GARRAFA/AZEITE DECOR.EDF.C2|||UN|00||||||
|0200|103030|TOALHA LAVABO BORDADA DECORADA|||UN|00||||||
|0200|105102|TELA PROTET.P/FRITURA GUINDER 5897|||UN|00||||||
|0200|500558|PORTA RETRATO ACO 10X15 MIMO PF9102|||UN|00||||||
|0200|890321|CACAROLA 2ALCAS INOX TRAMONT. 62653|||UN|00||||||
|0200|502394|ESPATU.PQ.SILIC.CB.ACRIL.MIMO SN1079|||UN|00||||||
|0200|105200|SUPORTE C/ASSADEIRA GR GUINDER 5576|||UN|00||||||
|0200|890081|BANDEJA RETANGULAR TRAMONTINA 61529|||UN|00||||||
|0200|500552|PORT RETRATO C/AÇO 10X15 MIMO PF 9110|||UN|00||||||
|0200|500553|PORT RETRATO VIDRO 10X15 MIMO PF9121|||UN|00||||||
|0200|500760|PANELA 16 P/LEITE MIMO AN5015|||UN|00||||||
|0200|510300|BOMBONIERE GS B 12CM PEQ.10174|||UN|00||||||
|0200|660291|JG.P/QUEIJO 4PCS 60006|||UN|00||||||
|0200|660292|JG.P/QUEIJO 3PCS M.SHOP 660040|||UN|00||||||
|0200|500554|PORTA RETRATO METAL 10X15 MIMO PF992|||UN|00||||||
|0200|660332|PORTA GUARDANAPO M SHOP 80001|||UN|00||||||
|0200|760070|BOMBONIERE BRILHANTE 01/053/14|||UN|00||||||
|0200|760160|FRUTEIRA C/PE BRILH.06/121/19|||UN|00||||||
|0200|810281|CEPO C/6FACAS /TESOURA EDF GL 356|||UN|00||||||
|0200|812060|JG.6COPOS LICOR EDF.TZS57 B.MAD.|||UN|00||||||
|0200|812640|POTE DECORADO EDFORT C1090 MEDIO|||UN|00||||||
|0200|890411|ESPAGUET /ESCORR. TRAMONT.3PÇS 62650/70|||UN|00||||||
|0200|960070|JG.6COPOS NATURAL ARTE OG100|||UN|00||||||
|0200|500551|PORTA RETRATO ALUM.10X15 MIMO PF9107|||UN|00||||||
|0200|500191|CENTRIFUGA P/SALADA GR MIMO SF10115|||UN|00||||||
|0200|500555|PORTA RETRATO METAL 10X15 MIMO PF993|||UN|00||||||
|0200|500556|PORTA RETRATO ACO 15X20 MIMO PF999|||UN|00||||||
|0200|102071|BANDEJA VIDRO ARTE M BRANCO 79|||UN|00||||||
|0200|102200|BANDEJA VIDRO PRETO QUAD.ARTE P 143|||UN|00||||||
|0200|102402|BANDEJA VIDRO BRANCO QUAD.ARTE G 151|||UN|00||||||
|0200|102500|BANDEJA VIDR.TRANSP.PLANA.ARTE G 152|||UN|00||||||
|0200|102601|BANDEJA REDONDA VIDRO PRETO.ARTE 178|||UN|00||||||
|0200|102800|BANDEJA ESPELHO QUAD.ARTE G 205|||UN|00||||||
|0200|102804|BANDEJA ESPELHO PLANA ARTE P 210|||UN|00||||||
|0200|105090|JG.FONDUE 23PCS GUINDER 7836|||UN|00||||||
|0200|105300|FAQUEIRO INOX 24PCS GUINDER 24|||UN|00||||||
|0200|660262|JG.4FACAS P/PATE PEROLA M.SHOP 30014|||UN|00||||||
|0200|660310|COQUETELEIRA 700ML M.SHOP 330607|||UN|00||||||
|0200|660331|RACK PARA VINHO M.SHOP 70305|||UN|00||||||
|0200|760600|FRUTEIRA/PE BRILH.06/293/24|||UN|00||||||
|0200|F2144|TABUA DE PASSAR HOMIE PLUS|||UN|00||||||
|0200|2651.C .51-1|PRATO BUFFET MODENA 3PRT VD 400/300/200MM CRI 2651|||PC|00||||||
|0200|2650.C .51-9|PRATO BUFFET MODENA 2 PRT VD 400/300MM CRI 2650C C|||PC|00||||||
|0200|BA045|JG C 2 BOWL|7898497578132||JG|00||||||
|0200|BA047|JG C 2 BOWL|7898497578156||JG|00||||||
|0200|DD1056O|CENTRIFUGA P SALADA 23 CM LARANJA|7898467561119||PC|00||||||
|0200|DD1056R|CENTRIFUGA P SALADA 23 CM VERMELHA|7898467561102||PC|00||||||
|0200|DD1056y|CENTRIFUGA P SALADA 23 CM AMARELA|7898467561126||PC|00||||||
|0200|GL380|JG DE FACAS P QUEIJO C TABUA VIDRO|7898497579139||PC|00||||||
|0200|GL387|PRATO GIRATORIO P QUEIJO EM VIDRO 30 CM|7898497579207||PC|00||||||
|0200|RH343C|PRATO P PIZZA REFRATARIO 315CM|7898535070673||PC|00||||||
|0200|RH343E|PRATO P PIZZA REFRATARIO 315CM|7898535070697||PC|00||||||
|0200|PET736/55|DVD PORTATIL|8712581507466||PC|00||||||
|0200|TC-P58VT20B|DCR-E2010/12066-8-TV de Plasma, 58 pol -|7896067211960||PEC|00||||||
|0200|DMP-BDT300PU|APARELHO BLU-RAY 3D REP. DE SOM E IMAGEM|7896067295441||PEC|00||||||
|0200|GL356|CEPO C 6 FACAS TESOURA|7898497573458||JG|00||||||
|0200|180970|REF.PANASONIC INVERTER 473L NRB461YZ|||UN|00||||||
|0200|330010|LIQUID.WALITA 3V FILTRO PP RI2035/10|||UN|00||||||
|0200|330130|PROCESSADOR COMPACTO WALITA RI7620|||UN|00||||||
|0200|680390|TACA MARTINE PE BAIXO CRISTAL SOYUS|||UN|00||||||
|0200|810382|BANDEJA QUADRAD.35CM EDF. PPB|||UN|00||||||
|0200|810422|JG.FORMA PORC.CORACAO EDF.VM US020|||UN|00||||||
|0200|812910|JG.2DESCANSO PANELA INOX EDF.GAL2|||UN|00||||||
|0200|813360|BALDE P/PIPOCA PLAST.EDF.MEDIO SX96|||UN|00||||||
|0200|840431|JG.FONDUE 7PCS 980ML BR BENC.40092|||UN|00||||||
|0200|840432|JG.FONDUE 300ML BR BENC.40086|||UN|00||||||
|0200|840433|JG.FONDUE 580ML BENCAFIL 40121|||UN|00||||||
|0200|840870|JG.3MINI PETISQUEIRA BENC.40080|||UN|00||||||
|0200|840951|JG.4APOIOS VIDRO REDONDO.BENC.74142|||UN|00||||||
|0200|200520|DVD PHILIPS DVP-3520|||UN|00||||||
|0200|680501|SALADEIRA GRANDE OUTONO SOYUS|||UN|00||||||
|0200|810292|PORTA LENCO LATA C/DES. EDF.LAT007|||UN|00||||||
|0200|810421|CASTICAL 65CM EDFORT TZS105|||UN|00||||||
|0200|813663|CAIXA DECORAT.P/RETRA EDF.MEDIA WT39|||UN|00||||||
|0200|840441|JARRA P/AGUA 1,7L BENCAFIL 40058|||UN|00||||||
|0200|841110|PRATO P/SERVIR 25X25CM.BENC.94014|||UN|00||||||
|0200|812140|CENTRO/MESA/FRUTEIRA EDF.TZB22|||UN|00||||||
|0200|813230|PORTA CONDIMENTOS EDFORT SN126|||UN|00||||||
|0200|813371|BALDE P/PIPOCA PLAST.EDF.PEQ.SX96|||UN|00||||||
|0200|841090|PAINEL DECORAT.40X40X1,8CM BENC.|||UN|00||||||
|0200|810351|FACA P/PATE DECORADA EDF.GD13|||UN|00||||||
|0200|812040|DESCANSO/PANELAS EDFORT GL236|||UN|00||||||
|0200|840491|BOWL OVAL C/ALCAS BENCAFIL 40120|||UN|00||||||
|0200|841093|PAINEL DECORAT.60X60X3CM BENC.|||UN|00||||||
|0200|841103|PRATO P/SERVIR 36X18CM.BENC.94004|||UN|00||||||
|0200|040470|FORNO MIC.CONSUL 25L CMY34 INOX|||UN|00||||||
|0200|840771|BANDEJA RETANG.42X26 BENCAF.8802|||UN|00||||||
|0200|180800|CAMERA DIG.PANASONIC DMC-SILB|||UN|00||||||
|0200|521150|TRAVESSA C/TAMPA PETIT ALIMP. MFG|||UN|00||||||
|0200|680281|QUEIJEIRA BRASIL PEQUENA SOYUS|||UN|00||||||
|0200|680620|SALADEIRA TROPICAL GRANDE SOYUS|||UN|00||||||
|0200|810291|CESTO P/LIXO EM LATA C/DES.EDF.LAT09|||UN|00||||||
|0200|810391|CAIXA ORGANIZADORA EDF.FS012|||UN|00||||||
|0200|811700|ESPATULA/SILICONE EDF.GL172|||UN|00||||||
|0200|680030|SALADEIRA TROPICAL MEDIA SOYUS|||UN|00||||||
|0200|840800|CJ.6APOIOS/VIDRO RED.BENC.74063|||UN|00||||||
|0200|680500|SALADEIRA GIGANTE OUTONO SOYUS|||UN|00||||||
|0200|680640|TACA MARTINE GIGANTE SOYUS|||UN|00||||||
|0200|811590|COLHER P/ARROZ EDF.1915-4|||UN|00||||||
|0200|813500|JG.SALEIRO/PIMENTEIRO EDFORT GL333|||UN|00||||||
|0200|810381|BANDEJA RETANG.40CM EDF. PPB006|||UN|00||||||
|0200|840421|TRAVESSA QUADRAD.18X18 BENCAF.71030|||UN|00||||||
|0200|840422|TRAVESSA QUADRAD.20X20 BENCAF.71031|||UN|00||||||
|0200|840423|TRAVESSA QUADRAD.26X26 BENCAF.71032|||UN|00||||||
|0200|813570|GARRAFA TERMICA 1L EDFORT INOX GAF|||UN|00||||||
|0200|840840|TRAVESSA QUAD.C/TP VIDRO BENC.40021|||UN|00||||||
|0200|680830|TACA VERAO GRANDE SOYUS|||UN|00||||||
|0200|840352|PRATO/APOIO MADEIR.3OX20 BENC.20062|||UN|00||||||
|0200|521160|COPO ABBY 75ML ALIMP. MFS142|||UN|00||||||
|0200|840471|SOPEIRA RETRO 2L BENCAFIL 57003|||UN|00||||||
|0200|810352|PROTETOR P/ALIMENTO 30CM EDF.GL406|||UN|00||||||
|0200|810521|TRAVESSA REFRAT.ESTRELA EDF. P BAO70|||UN|00||||||
|0200|840761|POTE SAL MODERN BENC.500G 95002|||UN|00||||||
|0200|813561|GARRAFA TERMICA 1L EDFORT GAF025/026|||UN|00||||||
|0200|840821|JARRA VIDRO TRANSP.1L BENC.72004|||UN|00||||||
|0200|680721|DECANTER/ALCA JARRO 750ML SOYUS 3651|||UN|00||||||
|0200|841092|PAINEL DECORAT.30X40X1,8CM BENC.|||UN|00||||||
|0200|521130|JG 4POTES P/MANTIMENTO ALIMP G0600|||UN|00||||||
|0200|521170|JG JANTAR 20PÇS ALIMP P24|||UN|00||||||
|0200|521120|CANECA P/SOPA C/COLHER ALIMP.ECO709|||UN|00||||||
|0200|840541|PETISQUEIRA 4DIV. 21X21 BENC.94009|||UN|00||||||
|0200|841104|PRATO P/SERVIR 41X21CM.BENC.94005|||UN|00||||||
|0200|810561|MOEDOR PIMENTA/SAL MANUAL EDF.PM17|||UN|00||||||
|0200|841102|PRATO P/SERVIR 29X15CM.BENC.94003|||UN|00||||||
|0200|841105|PRATO P/SERVIR 20X13CM.BENC.94006|||UN|00||||||
|0200|810392|JG.2CAIXA FIBRA SINTETICA EDF.SB009|||UN|00||||||
|0200|810393|JG.3CAIXA FIBRA SINTET.C/TP EDF.SB010|||UN|00||||||
|0200|810522|TRAVESSA REFRAT ESTRELA EDF M BA071|||UN|00||||||
|0200|810571|FONDUE EDFORT RH342|||UN|00||||||
|0200|813664|CAIXA DECORAT P/RETRAT EDF PEQ WT40|||UN|00||||||
|0200|840351|PRATO JAPONES RET C/BOWL BENC20060|||UN|00||||||
|0200|840442|JARRA P/AGUA 900ML BENCAFIL 40059|||UN|00||||||
|0200|840741|MANTEGUEIRA C/ESPAT BENCAF 40125|||UN|00||||||
|0200|841094|PAINEL DECORAT.38X80X3CM BENC.|||UN|00||||||
|0200|841100|PRATO P/SERVIR 15X8CM BENC.94001|||UN|00||||||
|0200|841107|PRATO P/SERVIR 30X21CM.BENC.94008|||UN|00||||||
|0200|841108|PRATO P/SERVIR 17X17CM BENC 94012|||UN|00||||||
|0200|841109|PRATO P/SERVIR 20X20CM BENC 94013|||UN|00||||||
|0200|811580|CONCHA P/MOLHO EDF.1915-1|||UN|00||||||
|0200|841091|PAINEL DECORAT.28X28X1,8CM BENC.|||UN|00||||||
|0200|200040|TV PHILIPS LCD 40" 40PFL3605|||UN|00||||||
|0200|810331|PORTA COPOS/RODA 4PCS EDF.AF26|||UN|00||||||
|0200|840631|PROVOLONEIRA 21CM BENCAFIL 71044|||UN|00||||||
|0200|680820|TACA VERAO MEDIA SOYUS|||UN|00||||||
|0200|810341|JG.AMERICANO 6PCS EDFORT PT006|||UN|00||||||
|0200|810562|SALADEIRA REDONDA PORC. EDF.RH333|||UN|00||||||
|0200|840081|MOEDOR VIDRO PIMEN/SAL/TP BENC.38032|||UN|00||||||
|0200|841101|PRATO P/SERVIR 25X13CM.BENC.94002|||UN|00||||||
|0200|841106|PRATO P/SERVIR 25X17CM.BENC.94007|||UN|00||||||
|0200|940460|TABUA DE PASSAR ERGON F2023|||UN|00||||||
|0200|810523|TRAVESSA REFRAT ESTRELA EDF G BA072|||UN|00||||||
|0200|220413|FOGAO ELECTROLUX EMBUTIR 5B 76TXE IN|||UN|00||||||
|0200|330140|ESPREMEDOR WALITA RI2745|||UN|00||||||
|0200|840981|PRATO P/BOLO C/PE BENC.37X11CM 87020|||UN|00||||||
|0200|610230|JG. PEQUIM 7PCS F&S 221|||UN|00||||||
|0200|10000|MATERIAL DE USO E CONSUMO|||UN|07||||||
|0200|812270|COLHER/SILICONE EDFORT GL275|||UN|00||||||
|0500|31032011|01|A|1|116010001|MATERIAIS DE REVENDA|
|0990|739|
|C001|0|
|C100|0|0|800006977|01|00|U|0068936||01042011|01042011|159,00|0|||159,00|9||||159,00|27,03||||||||
|C170|1|040550||1,00000|UN|159,00||0|000|1202||159,00|17,00|27,03|0||0|||||||50|159,00|0,65|||1,03|50|159,00|3,00|||4,77||
|C190|000|1202|17,00|159,00|159,00|27,03|0|0|0|0||
|C100|0|0|800006977|01|00|U|0068944||05042011|05042011|319,00|0|||319,00|9||||319,00|54,23||||||||
|C170|1|180253||1,00000|UN|319,00||0|000|1202||319,00|17,00|54,23|0||0|||||||50|319,00|0,65|||2,07|50|319,00|3,00|||9,57||
|C190|000|1202|17,00|319,00|319,00|54,23|0|0|0|0||
|C100|0|0|800006977|01|00|U|0068953||06042011|06042011|89,00|0|||89,00|9||||89,00|15,13||||||||
|C170|1|760058||1,00000|UN|89,00||0|000|1202||89,00|17,00|15,13|0||0|||||||50|89,00|0,65|||0,58|50|89,00|3,00|||2,67||
|C190|000|1202|17,00|89,00|89,00|15,13|0|0|0|0||
|C100|0|0|800006977|01|00|U|0068958||07042011|07042011|607,00|0|||607,00|9||||607,00|103,19||||||||
|C170|1|030383||1,00000|UN|607,00||0|000|1202||607,00|17,00|103,19|0||0|||||||50|607,00|0,65|||3,95|50|607,00|3,00|||18,21||
|C190|000|1202|17,00|607,00|607,00|103,19|0|0|0|0||
|C100|0|0|800006977|01|00|U|0068959||07042011|07042011|924,00|0|||924,00|9||||924,00|157,08||||||||
|C170|1|150410||1,00000|UN|59,00||0|000|1202||59,00|17,00|10,03|0||0|||||||50|59,00|0,65|||0,38|50|59,00|3,00|||1,77||
|C170|2|180263||1,00000|UN|118,00||0|000|1202||118,00|17,00|20,06|0||0|||||||50|118,00|0,65|||0,77|50|118,00|3,00|||3,54||
|C170|3|702180||1,00000|UN|129,00||0|000|1202||129,00|17,00|21,93|0||0|||||||50|129,00|0,65|||0,84|50|129,00|3,00|||3,87||
|C170|4|702170||1,00000|UN|129,00||0|000|1202||129,00|17,00|21,93|0||0|||||||50|129,00|0,65|||0,84|50|129,00|3,00|||3,87||
|C170|5|661020||1,00000|UN|35,00||0|000|1202||35,00|17,00|5,95|0||0|||||||50|35,00|0,65|||0,23|50|35,00|3,00|||1,05||
|C170|6|660780||1,00000|UN|399,00||0|000|1202||399,00|17,00|67,83|0||0|||||||50|399,00|0,65|||2,59|50|399,00|3,00|||11,97||
|C170|7|900751||1,00000|UN|55,00||0|000|1202||55,00|17,00|9,35|0||0|||||||50|55,00|0,65|||0,36|50|55,00|3,00|||1,65||
|C190|000|1202|17,00|924,00|924,00|157,08|0|0|0|0||
|C100|0|0|800006977|01|00|U|0068960||07042011|07042011|379,00|0|||379,00|9||||379,00|64,43||||||||
|C170|1|031093||1,00000|UN|379,00||0|000|1202||379,00|17,00|64,43|0||0|||||||50|379,00|0,65|||2,46|50|379,00|3,00|||11,37||
|C190|000|1202|17,00|379,00|379,00|64,43|0|0|0|0||
|C100|0|0|800006977|01|00|U|0068970||09042011|09042011|481,00|0|||481,00|9||||481,00|81,77||||||||
|C170|1|290190||1,00000|UN|55,00||0|000|1202||55,00|17,00|9,35|0||0|||||||50|55,00|0,65|||0,36|50|55,00|3,00|||1,65||
|C170|2|290220||1,00000|UN|79,00||0|000|1202||79,00|17,00|13,43|0||0|||||||50|79,00|0,65|||0,51|50|79,00|3,00|||2,37||
|C170|3|910900||1,00000|UN|49,00||0|000|1202||49,00|17,00|8,33|0||0|||||||50|49,00|0,65|||0,32|50|49,00|3,00|||1,47||
|C170|4|890560||1,00000|UN|199,00||0|000|1202||199,00|17,00|33,83|0||0|||||||50|199,00|0,65|||1,29|50|199,00|3,00|||5,97||
|C170|5|902511||1,00000|UN|99,00||0|000|1202||99,00|17,00|16,83|0||0|||||||50|99,00|0,65|||0,64|50|99,00|3,00|||2,97||
|C190|000|1202|17,00|481,00|481,00|81,77|0|0|0|0||
|C100|0|0|800006977|01|00|U|0068974||11042011|11042011|84,00|0|||84,00|9||||84,00|14,28||||||||
|C170|1|160100||1,00000|UN|84,00||0|000|1202||84,00|17,00|14,28|0||0|||||||50|84,00|0,65|||0,55|50|84,00|3,00|||2,52||
|C190|000|1202|17,00|84,00|84,00|14,28|0|0|0|0||
|C100|0|0|800006977|01|00|U|0068975||11042011|11042011|581,00|0|||581,00|9||||482,00|81,94||||||||
|C170|1|040440||1,00000|UN|429,00||0|000|1202||429,00|17,00|72,93|0||0|||||||50|429,00|0,65|||2,79|50|429,00|3,00|||12,87||
|C170|2|500020||1,00000|UN|14,00||0|000|1202||14,00|17,00|2,38|0||0|||||||50|14,00|0,65|||0,09|50|14,00|3,00|||0,42||
|C170|3|710020||1,00000|UN|99,00||0|041|1202|||||0||0|||||||50|99,00|0,65|||0,64|50|99,00|3,00|||2,97||
|C170|4|650200||1,00000|UN|39,00||0|000|1202||39,00|17,00|6,63|0||0|||||||50|39,00|0,65|||0,25|50|39,00|3,00|||1,17||
|C190|000|1202|17,00|482,00|482,00|81,94|0|0|0|0||
|C190|041|1202||99,00|0|0|0|0|0|0||
|C100|0|0|800006977|01|00|U|0068985||13042011|13042011|344,00|0|||344,00|9||||344,00|58,48||||||||
|C170|1|120020||1,00000|UN|99,00||0|000|1202||99,00|17,00|16,83|0||0|||||||50|99,00|0,65|||0,64|50|99,00|3,00|||2,97||
|C170|2|180263||1,00000|UN|245,00||0|000|1202||245,00|17,00|41,65|0||0|||||||50|245,00|0,65|||1,59|50|245,00|3,00|||7,35||
|C190|000|1202|17,00|344,00|344,00|58,48|0|0|0|0||
|C100|0|0|800006977|01|00|U|0068987||13042011|13042011|319,00|0|||319,00|9||||319,00|54,23||||||||
|C170|1|180253||1,00000|UN|319,00||0|000|1202||319,00|17,00|54,23|0||0|||||||50|319,00|0,65|||2,07|50|319,00|3,00|||9,57||
|C190|000|1202|17,00|319,00|319,00|54,23|0|0|0|0||
|C100|0|0|800006977|01|00|U|0068991||13042011|13042011|588,00|0|||588,00|9||||588,00|99,96||||||||
|C170|1|040440||1,00000|UN|429,00||0|000|1202||429,00|17,00|72,93|0||0|||||||50|429,00|0,65|||2,79|50|429,00|3,00|||12,87||
|C170|2|040550||1,00000|UN|159,00||0|000|1202||159,00|17,00|27,03|0||0|||||||50|159,00|0,65|||1,03|50|159,00|3,00|||4,77||
|C190|000|1202|17,00|588,00|588,00|99,96|0|0|0|0||
|C100|0|0|800006977|01|00|U|0068992||13042011|13042011|29,00|0|||29,00|9||||29,00|4,93||||||||
|C170|1|900710||1,00000|UN|29,00||0|000|1202||29,00|17,00|4,93|0||0|||||||50|29,00|0,65|||0,19|50|29,00|3,00|||0,87||
|C190|000|1202|17,00|29,00|29,00|4,93|0|0|0|0||
|C100|0|0|800006977|01|00|U|0068998||14042011|14042011|79,00|0|||79,00|9||||79,00|13,43||||||||
|C170|1|903280||1,00000|UN|79,00||0|000|1202||79,00|17,00|13,43|0||0|||||||50|79,00|0,65|||0,51|50|79,00|3,00|||2,37||
|C190|000|1202|17,00|79,00|79,00|13,43|0|0|0|0||
|C100|0|0|800006977|01|00|U|0069011||18042011|18042011|249,00|0|||249,00|9||||249,00|42,33||||||||
|C170|1|180263||1,00000|UN|249,00||0|000|1202||249,00|17,00|42,33|0||0|||||||50|249,00|0,65|||1,62|50|249,00|3,00|||7,47||
|C190|000|1202|17,00|249,00|249,00|42,33|0|0|0|0||
|C100|0|0|800006977|01|00|U|0069032||27042011|27042011|4063,00|0|||4063,00|9||||3814,00|648,38||||||||
|C170|1|030353||1,00000|UN|2298,00||0|000|1202||2298,00|17,00|390,66|0||0|||||||50|2298,00|0,65|||14,94|50|2298,00|3,00|||68,94||
|C170|2|040550||1,00000|UN|159,00||0|000|1202||159,00|17,00|27,03|0||0|||||||50|159,00|0,65|||1,03|50|159,00|3,00|||4,77||
|C170|3|180900||1,00000|UN|249,00||0|041|1202|||||0||0|||||||50|249,00|0,65|||1,62|50|249,00|3,00|||7,47||
|C170|4|330240||1,00000|UN|79,00||0|000|1202||79,00|17,00|13,43|0||0|||||||50|79,00|0,65|||0,51|50|79,00|3,00|||2,37||
|C170|5|090200||1,00000|UN|79,00||0|000|1202||79,00|17,00|13,43|0||0|||||||50|79,00|0,65|||0,51|50|79,00|3,00|||2,37||
|C170|6|950460||1,00000|UN|1199,00||0|000|1202||1199,00|17,00|203,83|0||0|||||||50|1199,00|0,65|||7,79|50|1199,00|3,00|||35,97||
|C190|000|1202|17,00|3814,00|3814,00|648,38|0|0|0|0||
|C190|041|1202||249,00|0|0|0|0|0|0||
|C100|0|0|800006977|01|00|U|0069033||27042011|27042011|1149,00|0|||1149,00|9||||1050,00|178,50||||||||
|C170|1|502200||1,00000|UN|55,00||0|000|1202||55,00|17,00|9,35|0||0|||||||50|55,00|0,65|||0,36|50|55,00|3,00|||1,65||
|C170|2|520390||1,00000|UN|119,00||0|000|1202||119,00|17,00|20,23|0||0|||||||50|119,00|0,65|||0,77|50|119,00|3,00|||3,57||
|C170|3|620030||1,00000|UN|134,00||0|000|1202||134,00|17,00|22,78|0||0|||||||50|134,00|0,65|||0,87|50|134,00|3,00|||4,02||
|C170|4|710020||1,00000|UN|99,00||0|041|1202|||||0||0|||||||50|99,00|0,65|||0,64|50|99,00|3,00|||2,97||
|C170|5|890430||1,00000|UN|149,00||0|000|1202||149,00|17,00|25,33|0||0|||||||50|149,00|0,65|||0,97|50|149,00|3,00|||4,47||
|C170|6|900021||1,00000|UN|199,00||0|000|1202||199,00|17,00|33,83|0||0|||||||50|199,00|0,65|||1,29|50|199,00|3,00|||5,97||
|C170|7|903281||1,00000|UN|59,00||0|000|1202||59,00|17,00|10,03|0||0|||||||50|59,00|0,65|||0,38|50|59,00|3,00|||1,77||
|C170|8|902171||1,00000|UN|299,00||0|000|1202||299,00|17,00|50,83|0||0|||||||50|299,00|0,65|||1,94|50|299,00|3,00|||8,97||
|C170|9|900922||1,00000|UN|36,00||0|000|1202||36,00|17,00|6,12|0||0|||||||50|36,00|0,65|||0,23|50|36,00|3,00|||1,08||
|C190|000|1202|17,00|1050,00|1050,00|178,50|0|0|0|0||
|C190|041|1202||99,00|0|0|0|0|0|0||
|C100|0|0|800006977|01|00|U|0069034||27042011|27042011|354,00|0|||354,00|9||||354,00|60,18||||||||
|C170|1|103110||1,00000|UN|58,00||0|000|1202||58,00|17,00|9,86|0||0|||||||50|58,00|0,65|||0,38|50|58,00|3,00|||1,74||
|C170|2|502391||1,00000|UN|12,00||0|000|1202||12,00|17,00|2,04|0||0|||||||50|12,00|0,65|||0,08|50|12,00|3,00|||0,36||
|C170|3|700930||1,00000|UN|49,00||0|000|1202||49,00|17,00|8,33|0||0|||||||50|49,00|0,65|||0,32|50|49,00|3,00|||1,47||
|C170|4|701050||1,00000|UN|54,00||0|000|1202||54,00|17,00|9,18|0||0|||||||50|54,00|0,65|||0,35|50|54,00|3,00|||1,62||
|C170|5|650200||1,00000|UN|39,00||0|000|1202||39,00|17,00|6,63|0||0|||||||50|39,00|0,65|||0,25|50|39,00|3,00|||1,17||
|C170|6|890440||1,00000|UN|62,00||0|000|1202||62,00|17,00|10,54|0||0|||||||50|62,00|0,65|||0,40|50|62,00|3,00|||1,86||
|C170|7|902941||1,00000|UN|10,00||0|000|1202||10,00|17,00|1,70|0||0|||||||50|10,00|0,65|||0,07|50|10,00|3,00|||0,30||
|C170|8|901000||1,00000|UN|55,00||0|000|1202||55,00|17,00|9,35|0||0|||||||50|55,00|0,65|||0,36|50|55,00|3,00|||1,65||
|C170|9|902550||1,00000|UN|15,00||0|000|1202||15,00|17,00|2,55|0||0|||||||50|15,00|0,65|||0,10|50|15,00|3,00|||0,45||
|C190|000|1202|17,00|354,00|354,00|60,18|0|0|0|0||
|C100|0|0|800006977|01|00|U|0069040||28042011|28042011|1012,00|0|||1012,00|9||||1012,00|172,04||||||||
|C170|1|030093||1,00000|UN|1012,00||0|000|1202||1012,00|17,00|172,04|0||0|||||||50|1012,00|0,65|||6,58|50|1012,00|3,00|||30,36||
|C190|000|1202|17,00|1012,00|1012,00|172,04|0|0|0|0||
|C100|0|0|800006977|01|00|U|0069043||29042011|29042011|399,00|0|||399,00|9||||399,00|67,83||||||||
|C170|1|100200||1,00000|UN|399,00||0|000|1202||399,00|17,00|67,83|0||0|||||||50|399,00|0,65|||2,59|50|399,00|3,00|||11,97||
|C190|000|1202|17,00|399,00|399,00|67,83|0|0|0|0||
|C100|0|0|800006977|01|00|U|0069047||30042011|30042011|159,00|0|||159,00|9||||159,00|27,03||||||||
|C170|1|040550||1,00000|UN|159,00||0|000|1202||159,00|17,00|27,03|0||0|||||||50|159,00|0,65|||1,03|50|159,00|3,00|||4,77||
|C190|000|1202|17,00|159,00|159,00|27,03|0|0|0|0||
|C100|1|0|800007084|01|00|U|0068993||13042011|13042011|729,00|0|||729,00|9||||0|0||||||||
|C170|1|040123||1,00000|UN|729,00||0|041|5949|||||0||0|||||||99||||||99|||||||
|C190|041|5949||729,00|0|0|0|0|0|0||
|C100|1|0|800008033|01|00|U|0069001||14042011|14042011|219,00|0|||219,00|9||||0|0||||||||
|C170|1|200360||1,00000|UN|219,00||0|041|5949|||||0||0|||||||99||||||99|||||||
|C190|041|5949||219,00|0|0|0|0|0|0||
|C100|1|0|6255|01|00|U|0068940||02042011|02042011|2139,00|0|||2139,00|9||||0|0||||||||
|C170|1|030093||1,00000|UN|2139,00||0|041|5949|||||0||0|||||||99||||||99|||||||
|C190|041|5949||2139,00|0|0|0|0|0|0||
|C100|1|0|800007073|01|00|U|0068979||12042011|12042011|870,00|0|||870,00|9||||0|0||||||||
|C170|1|100210||2,00000|UN|734,00||0|041|5949|||||0||0|||||||99||||||99|||||||
|C170|2|330030||1,00000|UN|101,00||0|041|5949|||||0||0|||||||99||||||99|||||||
|C170|3|531190||1,00000|UN|35,00||0|041|5949|||||0||0|||||||99||||||99|||||||
|C190|041|5949||870,00|0|0|0|0|0|0||
|C100|1|0|800007082|01|00|U|0069045||29042011|29042011|399,00|0|||399,00|9||||0|0||||||||
|C170|1|100200||1,00000|UN|399,00||0|041|5949|||||0||0|||||||99||||||99|||||||
|C190|041|5949||399,00|0|0|0|0|0|0||
|C100|1|0|800007086|01|00|U|0069007||15042011|15042011|2796,00|0|||2796,00|9||||0|0||||||||
|C170|1|040123||4,00000|UN|2796,00||0|041|5949|||||0||0|||||||99||||||99|||||||
|C190|041|5949||2796,00|0|0|0|0|0|0||
|C100|1|0|800008034|01|00|U|0068939||01042011|01042011|360,00|0|||360,00|9||||0|0||||||||
|C170|1|100210||1,00000|UN|360,00||0|041|5949|||||0||0|||||||99||||||99|||||||
|C190|041|5949||360,00|0|0|0|0|0|0||
|C100|1|0|800008026|01|00|U|0068941||04042011|04042011|1233,52|0|||1233,52|9||||1233,52|209,70||||||||
|C170|1|050983||1,00000|UN|1233,52||0|000|5152||1233,52|17,00|209,70|0||0|||||||01|1233,52|0,65|||8,02|01|1233,52|3,00|||37,01||
|C190|000|5152|17,00|1233,52|1233,52|209,70|0|0|0|0||
|C100|1|0|800008026|01|00|U|0069000||14042011|14042011|2186,95|0|||2186,95|9||||2186,95|371,78||||||||
|C170|1|030443||1,00000|UN|738,08||0|000|5152||738,08|17,00|125,47|0||0|||||||01|738,08|0,65|||4,80|01|738,08|3,00|||22,14||
|C170|2|250480||1,00000|UN|1187,30||0|000|5152||1187,30|17,00|201,84|0||0|||||||01|1187,30|0,65|||7,72|01|1187,30|3,00|||35,62||
|C170|3|950350||1,00000|UN|261,57||0|000|5152||261,57|17,00|44,47|0||0|||||||01|261,57|0,65|||1,70|01|261,57|3,00|||7,85||
|C190|000|5152|17,00|2186,95|2186,95|371,78|0|0|0|0||
|C100|1|0|800008026|01|00|U|0069002||14042011|14042011|6304,43|0|||6304,43|9||||6304,43|1071,75||||||||
|C170|1|180950||1,00000|UN|5772,27||0|000|5152||5772,27|17,00|981,29|0||0|||||||01|5772,27|0,65|||37,52|01|5772,27|3,00|||173,17||
|C170|2|180960||1,00000|UN|532,16||0|000|5152||532,16|17,00|90,47|0||0|||||||01|532,16|0,65|||3,46|01|532,16|3,00|||15,96||
|C190|000|5152|17,00|6304,43|6304,43|1071,75|0|0|0|0||
|C100|1|0|800008026|01|00|U|0069003||15042011|15042011|78,88|0|||78,88|9||||78,88|13,41||||||||
|C170|1|104030||13,00000|UN|61,88||0|000|5152||61,88|17,00|10,52|0||0|||||||01|61,88|0,65|||0,40|01|61,88|3,00|||1,86||
|C170|2|104040||4,00000|UN|17,00||0|000|5152||17,00|17,00|2,89|0||0|||||||01|17,00|0,65|||0,11|01|17,00|3,00|||0,51||
|C190|000|5152|17,00|78,88|78,88|13,41|0|0|0|0||
|C100|1|0|800008026|01|00|U|0069004||15042011|15042011|20,05|0|||20,05|9||||20,05|3,41||||||||
|C170|1|910010||1,00000|UN|20,05||0|000|5152||20,05|17,00|3,41|0||0|||||||01|20,05|0,65|||0,13|01|20,05|3,00|||0,60||
|C190|000|5152|17,00|20,05|20,05|3,41|0|0|0|0||
|C100|1|0|800008026|01|00|U|0069005||15042011|15042011|85,49|0|||85,49|9||||85,49|14,53||||||||
|C170|1|120080||1,00000|UN|85,49||0|000|5152||85,49|17,00|14,53|0||0|||||||01|85,49|0,65|||0,56|01|85,49|3,00|||2,56||
|C190|000|5152|17,00|85,49|85,49|14,53|0|0|0|0||
|C100|1|0|800008026|01|00|U|0069006||15042011|15042011|1711,88|0|||1711,88|9||||1711,88|291,02||||||||
|C170|1|031180||1,00000|UN|1711,88||0|000|5152||1711,88|17,00|291,02|0||0|||||||01|1711,88|0,65|||11,13|01|1711,88|3,00|||51,36||
|C190|000|5152|17,00|1711,88|1711,88|291,02|0|0|0|0||
|C100|1|0|800008026|01|00|U|0069008||16042011|16042011|26,54|0|||26,54|9||||26,54|4,51||||||||
|C170|1|902230||1,00000|UN|26,54||0|000|5152||26,54|17,00|4,51|0||0|||||||01|26,54|0,65|||0,17|01|26,54|3,00|||0,80||
|C190|000|5152|17,00|26,54|26,54|4,51|0|0|0|0||
|C100|1|0|800008026|01|00|U|0069009||15042011|15042011|914,51|0|||914,51|9||||914,51|155,47||||||||
|C170|1|031240||1,00000|UN|156,65||0|000|5152||156,65|17,00|26,63|0||0|||||||01|156,65|0,65|||1,02|01|156,65|3,00|||4,70||
|C170|2|040013||1,00000|UN|757,86||0|000|5152||757,86|17,00|128,84|0||0|||||||01|757,86|0,65|||4,93|01|757,86|3,00|||22,74||
|C190|000|5152|17,00|914,51|914,51|155,47|0|0|0|0||
|C100|1|0|800008026|01|00|U|0069010||18042011|18042011|3821,38|0|||3821,38|9||||3821,38|649,63||||||||
|C170|1|030353||1,00000|UN|1364,80||0|000|5152||1364,80|17,00|232,02|0||0|||||||01|1364,80|0,65|||8,87|01|1364,80|3,00|||40,94||
|C170|2|040103||1,00000|UN|845,45||0|000|5152||845,45|17,00|143,73|0||0|||||||01|845,45|0,65|||5,50|01|845,45|3,00|||25,36||
|C170|3|180203||1,00000|UN|239,31||0|000|5152||239,31|17,00|40,68|0||0|||||||01|239,31|0,65|||1,56|01|239,31|3,00|||7,18||
|C170|4|050890||1,00000|UN|1371,82||0|000|5152||1371,82|17,00|233,21|0||0|||||||01|1371,82|0,65|||8,92|01|1371,82|3,00|||41,15||
|C190|000|5152|17,00|3821,38|3821,38|649,63|0|0|0|0||
|C100|1|0|800008026|01|00|U|0069012||18042011|18042011|377,67|0|||377,67|9||||377,67|64,20||||||||
|C170|1|100210||1,00000|UN|232,47||0|000|5152||232,47|17,00|39,52|0||0|||||||01|232,47|0,65|||1,51|01|232,47|3,00|||6,97||
|C170|2|180263||1,00000|UN|145,20||0|000|5152||145,20|17,00|24,68|0||0|||||||01|145,20|0,65|||0,94|01|145,20|3,00|||4,36||
|C190|000|5152|17,00|377,67|377,67|64,20|0|0|0|0||
|C100|1|0|800008026|01|00|U|0069017||19042011|19042011|9744,07|0|||9744,07|9||||9744,07|1656,49||||||||
|C170|1|031240||2,00000|UN|313,30||0|000|5152||313,30|17,00|53,26|0||0|||||||01|313,30|0,65|||2,04|01|313,30|3,00|||9,40||
|C170|2|040383||1,00000|UN|422,04||0|000|5152||422,04|17,00|71,75|0||0|||||||01|422,04|0,65|||2,74|01|422,04|3,00|||12,66||
|C170|3|040440||3,00000|UN|783,45||0|000|5152||783,45|17,00|133,19|0||0|||||||01|783,45|0,65|||5,09|01|783,45|3,00|||23,50||
|C170|4|040430||3,00000|UN|606,12||0|000|5152||606,12|17,00|103,04|0||0|||||||01|606,12|0,65|||3,94|01|606,12|3,00|||18,18||
|C170|5|050840||1,00000|UN|359,21||0|000|5152||359,21|17,00|61,07|0||0|||||||01|359,21|0,65|||2,33|01|359,21|3,00|||10,78||
|C170|6|120080||10,00000|UN|854,90||0|000|5152||854,90|17,00|145,33|0||0|||||||01|854,90|0,65|||5,56|01|854,90|3,00|||25,65||
|C170|7|180263||10,00000|UN|1452,00||0|000|5152||1452,00|17,00|246,84|0||0|||||||01|1452,00|0,65|||9,44|01|1452,00|3,00|||43,56||
|C170|8|220183||1,00000|UN|728,33||0|000|5152||728,33|17,00|123,82|0||0|||||||01|728,33|0,65|||4,73|01|728,33|3,00|||21,85||
|C170|9|220590||2,00000|UN|1225,20||0|000|5152||1225,20|17,00|208,28|0||0|||||||01|1225,20|0,65|||7,96|01|1225,20|3,00|||36,76||
|C170|10|180203||6,00000|UN|1435,86||0|000|5152||1435,86|17,00|244,10|0||0|||||||01|1435,86|0,65|||9,33|01|1435,86|3,00|||43,08||
|C170|11|180253||6,00000|UN|1116,12||0|000|5152||1116,12|17,00|189,74|0||0|||||||01|1116,12|0,65|||7,25|01|1116,12|3,00|||33,48||
|C170|12|180290||6,00000|UN|447,54||0|000|5152||447,54|17,00|76,08|0||0|||||||01|447,54|0,65|||2,91|01|447,54|3,00|||13,43||
|C190|000|5152|17,00|9744,07|9744,07|1656,49|0|0|0|0||
|C100|1|0|800008026|01|00|U|0069018||19042011|19042011|3602,86|0|||3602,86|9||||3602,86|612,49||||||||
|C170|1|030353||1,00000|UN|1364,80||0|000|5152||1364,80|17,00|232,02|0||0|||||||01|1364,80|0,65|||8,87|01|1364,80|3,00|||40,94||
|C170|2|180700||1,00000|UN|2238,06||0|000|5152||2238,06|17,00|380,47|0||0|||||||01|2238,06|0,65|||14,55|01|2238,06|3,00|||67,14||
|C190|000|5152|17,00|3602,86|3602,86|612,49|0|0|0|0||
|C100|1|0|800008026|01|00|U|0069019||19042011|19042011|182,58|0|||182,58|9||||182,58|31,04||||||||
|C170|1|890230||1,00000|UN|182,58||0|000|5152||182,58|17,00|31,04|0||0|||||||01|182,58|0,65|||1,19|01|182,58|3,00|||5,48||
|C190|000|5152|17,00|182,58|182,58|31,04|0|0|0|0||
|C100|1|0|800008026|01|00|U|0069020||19042011|19042011|248,31|0|||248,31|9||||248,31|42,21||||||||
|C170|1|100200||1,00000|UN|248,31||0|000|5152||248,31|17,00|42,21|0||0|||||||01|248,31|0,65|||1,61|01|248,31|3,00|||7,45||
|C190|000|5152|17,00|248,31|248,31|42,21|0|0|0|0||
|C100|1|0|800008026|01|00|U|0069021||20042011|20042011|1704,17|0|||1704,17|9||||1704,17|289,71||||||||
|C170|1|030293||1,00000|UN|966,09||0|000|5152||966,09|17,00|164,24|0||0|||||||01|966,09|0,65|||6,28|01|966,09|3,00|||28,98||
|C170|2|030443||1,00000|UN|738,08||0|000|5152||738,08|17,00|125,47|0||0|||||||01|738,08|0,65|||4,80|01|738,08|3,00|||22,14||
|C190|000|5152|17,00|1704,17|1704,17|289,71|0|0|0|0||
|C100|1|0|800008026|01|00|U|0069023||20042011|20042011|466,97|0|||466,97|9||||466,97|79,38||||||||
|C170|1|040133||1,00000|UN|466,97||0|000|5152||466,97|17,00|79,38|0||0|||||||01|466,97|0,65|||3,04|01|466,97|3,00|||14,01||
|C190|000|5152|17,00|466,97|466,97|79,38|0|0|0|0||
|C100|1|0|800008026|01|00|U|0069024||25042011|25042011|581,01|0|||581,01|9||||581,01|98,77||||||||
|C170|1|040393||1,00000|UN|581,01||0|000|5152||581,01|17,00|98,77|0||0|||||||01|581,01|0,65|||3,78|01|581,01|3,00|||17,43||
|C190|000|5152|17,00|581,01|581,01|98,77|0|0|0|0||
|C100|1|0|800008026|01|00|U|0069025||25042011|25042011|6444,97|0|||6444,97|9||||6444,97|1095,64||||||||
|C170|1|030130||1,00000|UN|1225,97||0|000|5152||1225,97|17,00|208,41|0||0|||||||01|1225,97|0,65|||7,97|01|1225,97|3,00|||36,78||
|C170|2|030183||1,00000|UN|1581,46||0|000|5152||1581,46|17,00|268,85|0||0|||||||01|1581,46|0,65|||10,28|01|1581,46|3,00|||47,44||
|C170|3|030960||1,00000|UN|473,90||0|000|5152||473,90|17,00|80,56|0||0|||||||01|473,90|0,65|||3,08|01|473,90|3,00|||14,22||
|C170|4|030450||1,00000|UN|556,55||0|000|5152||556,55|17,00|94,61|0||0|||||||01|556,55|0,65|||3,62|01|556,55|3,00|||16,70||
|C170|5|031020||1,00000|UN|900,63||0|000|5152||900,63|17,00|153,11|0||0|||||||01|900,63|0,65|||5,85|01|900,63|3,00|||27,02||
|C170|6|030460||1,00000|UN|816,27||0|000|5152||816,27|17,00|138,77|0||0|||||||01|816,27|0,65|||5,31|01|816,27|3,00|||24,49||
|C170|7|040430||1,00000|UN|202,04||0|000|5152||202,04|17,00|34,35|0||0|||||||01|202,04|0,65|||1,31|01|202,04|3,00|||6,06||
|C170|8|290060||1,00000|UN|149,77||0|000|5152||149,77|17,00|25,46|0||0|||||||01|149,77|0,65|||0,97|01|149,77|3,00|||4,49||
|C170|9|040383||1,00000|UN|422,04||0|000|5152||422,04|17,00|71,75|0||0|||||||01|422,04|0,65|||2,74|01|422,04|3,00|||12,66||
|C170|10|040570||1,00000|UN|116,34||0|000|5152||116,34|17,00|19,78|0||0|||||||01|116,34|0,65|||0,76|01|116,34|3,00|||3,49||
|C190|000|5152|17,00|6444,97|6444,97|1095,64|0|0|0|0||
|C100|1|0|800008026|01|00|U|0069026||25042011|25042011|925,77|0|||925,77|9||||925,77|157,38||||||||
|C170|1|030393||1,00000|UN|925,77||0|000|5152||925,77|17,00|157,38|0||0|||||||01|925,77|0,65|||6,02|01|925,77|3,00|||27,77||
|C190|000|5152|17,00|925,77|925,77|157,38|0|0|0|0||
|C100|1|0|800008026|01|00|U|0069028||26042011|26042011|2391,49|0|||2391,49|9||||2391,49|406,55||||||||
|C170|1|030373||1,00000|UN|718,08||0|000|5152||718,08|17,00|122,07|0||0|||||||01|718,08|0,65|||4,67|01|718,08|3,00|||21,54||
|C170|2|040173||1,00000|UN|619,32||0|000|5152||619,32|17,00|105,28|0||0|||||||01|619,32|0,65|||4,03|01|619,32|3,00|||18,58||
|C170|3|220283||1,00000|UN|1054,09||0|000|5152||1054,09|17,00|179,20|0||0|||||||01|1054,09|0,65|||6,85|01|1054,09|3,00|||31,62||
|C190|000|5152|17,00|2391,49|2391,49|406,55|0|0|0|0||
|C100|1|0|800008026|01|00|U|0069029||27042011|27042011|239,31|0|||239,31|9||||239,31|40,68||||||||
|C170|1|180203||1,00000|UN|239,31||0|000|5152||239,31|17,00|40,68|0||0|||||||01|239,31|0,65|||1,56|01|239,31|3,00|||7,18||
|C190|000|5152|17,00|239,31|239,31|40,68|0|0|0|0||
|C100|1|0|800008026|01|00|U|0069030||27042011|27042011|957,24|0|||957,24|9||||957,24|162,73||||||||
|C170|1|180203||4,00000|UN|957,24||0|000|5152||957,24|17,00|162,73|0||0|||||||01|957,24|0,65|||6,22|01|957,24|3,00|||28,72||
|C190|000|5152|17,00|957,24|957,24|162,73|0|0|0|0||
|C100|1|0|800008026|01|00|U|0069035||27042011|27042011|6502,10|0|||6502,10|9||||6502,10|1105,36||||||||
|C170|1|030083||1,00000|UN|1811,62||0|000|5152||1811,62|17,00|307,98|0||0|||||||01|1811,62|0,65|||11,78|01|1811,62|3,00|||54,35||
|C170|2|030333||1,00000|UN|1106,91||0|000|5152||1106,91|17,00|188,17|0||0|||||||01|1106,91|0,65|||7,19|01|1106,91|3,00|||33,21||
|C170|3|040203||1,00000|UN|1030,72||0|000|5152||1030,72|17,00|175,22|0||0|||||||01|1030,72|0,65|||6,70|01|1030,72|3,00|||30,92||
|C170|4|040163||1,00000|UN|523,83||0|000|5152||523,83|17,00|89,05|0||0|||||||01|523,83|0,65|||3,40|01|523,83|3,00|||15,71||
|C170|5|040173||1,00000|UN|619,32||0|000|5152||619,32|17,00|105,28|0||0|||||||01|619,32|0,65|||4,03|01|619,32|3,00|||18,58||
|C170|6|040123||1,00000|UN|443,34||0|000|5152||443,34|17,00|75,37|0||0|||||||01|443,34|0,65|||2,88|01|443,34|3,00|||13,30||
|C170|7|100030||1,00000|UN|318,40||0|000|5152||318,40|17,00|54,13|0||0|||||||01|318,40|0,65|||2,07|01|318,40|3,00|||9,55||
|C170|8|180263||1,00000|UN|145,20||0|000|5152||145,20|17,00|24,68|0||0|||||||01|145,20|0,65|||0,94|01|145,20|3,00|||4,36||
|C170|9|100210||1,00000|UN|232,47||0|000|5152||232,47|17,00|39,52|0||0|||||||01|232,47|0,65|||1,51|01|232,47|3,00|||6,97||
|C170|10|090240||1,00000|UN|34,93||0|000|5152||34,93|17,00|5,94|0||0|||||||01|34,93|0,65|||0,23|01|34,93|3,00|||1,05||
|C170|11|290220||1,00000|UN|48,31||0|000|5152||48,31|17,00|8,21|0||0|||||||01|48,31|0,65|||0,31|01|48,31|3,00|||1,45||
|C170|12|100013||1,00000|UN|187,05||0|000|5152||187,05|17,00|31,80|0||0|||||||01|187,05|0,65|||1,22|01|187,05|3,00|||5,61||
|C190|000|5152|17,00|6502,10|6502,10|1105,36|0|0|0|0||
|C100|1|0|800008026|01|00|U|0069036||27042011|27042011|248,31|0|||248,31|9||||248,31|42,21||||||||
|C170|1|100200||1,00000|UN|248,31||0|000|5152||248,31|17,00|42,21|0||0|||||||01|248,31|0,65|||1,61|01|248,31|3,00|||7,45||
|C190|000|5152|17,00|248,31|248,31|42,21|0|0|0|0||
|C100|1|0|800008026|01|00|U|0069037||28042011|28042011|53,72|0|||53,72|9||||53,72|9,13||||||||
|C170|1|840620||2,00000|UN|53,72||0|000|5152||53,72|17,00|9,13|0||0|||||||01|53,72|0,65|||0,35|01|53,72|3,00|||1,61||
|C190|000|5152|17,00|53,72|53,72|9,13|0|0|0|0||
|C100|1|0|800008026|01|00|U|0069038||28042011|28042011|6780,28|0|||6780,28|9||||6780,28|1152,65||||||||
|C170|1|030143||1,00000|UN|1127,18||0|000|5152||1127,18|17,00|191,62|0||0|||||||01|1127,18|0,65|||7,33|01|1127,18|3,00|||33,82||
|C170|2|030250||1,00000|UN|1058,59||0|000|5152||1058,59|17,00|179,96|0||0|||||||01|1058,59|0,65|||6,88|01|1058,59|3,00|||31,76||
|C170|3|030303||1,00000|UN|1159,95||0|000|5152||1159,95|17,00|197,19|0||0|||||||01|1159,95|0,65|||7,54|01|1159,95|3,00|||34,80||
|C170|4|030460||1,00000|UN|816,27||0|000|5152||816,27|17,00|138,77|0||0|||||||01|816,27|0,65|||5,31|01|816,27|3,00|||24,49||
|C170|5|030333||1,00000|UN|1106,91||0|000|5152||1106,91|17,00|188,17|0||0|||||||01|1106,91|0,65|||7,19|01|1106,91|3,00|||33,21||
|C170|6|030850||1,00000|UN|1511,38||0|000|5152||1511,38|17,00|256,93|0||0|||||||01|1511,38|0,65|||9,82|01|1511,38|3,00|||45,34||
|C190|000|5152|17,00|6780,28|6780,28|1152,65|0|0|0|0||
|C100|1|0|800008026|01|00|U|0069041||28042011|28042011|29,90|0|||29,90|9||||29,90|5,08||||||||
|C170|1|500622||1,00000|UN|29,90||0|000|5152||29,90|17,00|5,08|0||0|||||||01|29,90|0,65|||0,19|01|29,90|3,00|||0,90||
|C190|000|5152|17,00|29,90|29,90|5,08|0|0|0|0||
|C100|1|0|800008026|01|00|U|0069042||29042011|29042011|5897,85|0|||5897,85|9||||5897,85|1002,63||||||||
|C170|1|120020||6,00000|UN|328,08||0|000|5152||328,08|17,00|55,77|0||0|||||||01|328,08|0,65|||2,13|01|328,08|3,00|||9,84||
|C170|2|120030||10,00000|UN|605,00||0|000|5152||605,00|17,00|102,85|0||0|||||||01|605,00|0,65|||3,93|01|605,00|3,00|||18,15||
|C170|3|120040||6,00000|UN|255,18||0|000|5152||255,18|17,00|43,38|0||0|||||||01|255,18|0,65|||1,66|01|255,18|3,00|||7,66||
|C170|4|120050||5,00000|UN|465,00||0|000|5152||465,00|17,00|79,05|0||0|||||||01|465,00|0,65|||3,02|01|465,00|3,00|||13,95||
|C170|5|120110||6,00000|UN|617,58||0|000|5152||617,58|17,00|104,99|0||0|||||||01|617,58|0,65|||4,01|01|617,58|3,00|||18,53||
|C170|6|120130||6,00000|UN|182,28||0|000|5152||182,28|17,00|30,99|0||0|||||||01|182,28|0,65|||1,18|01|182,28|3,00|||5,47||
|C170|7|120170||1,00000|UN|182,57||0|000|5152||182,57|17,00|31,04|0||0|||||||01|182,57|0,65|||1,19|01|182,57|3,00|||5,48||
|C170|8|950310||6,00000|UN|421,44||0|000|5152||421,44|17,00|71,64|0||0|||||||01|421,44|0,65|||2,74|01|421,44|3,00|||12,64||
|C170|9|950300||6,00000|UN|311,58||0|000|5152||311,58|17,00|52,97|0||0|||||||01|311,58|0,65|||2,03|01|311,58|3,00|||9,35||
|C170|10|950450||2,00000|UN|905,28||0|000|5152||905,28|17,00|153,90|0||0|||||||01|905,28|0,65|||5,88|01|905,28|3,00|||27,16||
|C170|11|950360||2,00000|UN|537,98||0|000|5152||537,98|17,00|91,46|0||0|||||||01|537,98|0,65|||3,50|01|537,98|3,00|||16,14||
|C170|12|950390||1,00000|UN|471,11||0|000|5152||471,11|17,00|80,09|0||0|||||||01|471,11|0,65|||3,06|01|471,11|3,00|||14,13||
|C170|13|950460||1,00000|UN|614,77||0|000|5152||614,77|17,00|104,51|0||0|||||||01|614,77|0,65|||4,00|01|614,77|3,00|||18,44||
|C190|000|5152|17,00|5897,85|5897,85|1002,63|0|0|0|0||
|C100|1|0|800008026|01|00|U|0069044||29042011|29042011|3615,33|0|||3615,33|9||||3615,33|614,61||||||||
|C170|1|030293||1,00000|UN|966,09||0|000|5152||966,09|17,00|164,24|0||0|||||||01|966,09|0,65|||6,28|01|966,09|3,00|||28,98||
|C170|2|030363||1,00000|UN|650,48||0|000|5152||650,48|17,00|110,58|0||0|||||||01|650,48|0,65|||4,23|01|650,48|3,00|||19,51||
|C170|3|220133||1,00000|UN|997,04||0|000|5152||997,04|17,00|169,50|0||0|||||||01|997,04|0,65|||6,48|01|997,04|3,00|||29,91||
|C170|4|030373||1,00000|UN|718,08||0|000|5152||718,08|17,00|122,07|0||0|||||||01|718,08|0,65|||4,67|01|718,08|3,00|||21,54||
|C170|5|050543||1,00000|UN|283,64||0|000|5152||283,64|17,00|48,22|0||0|||||||01|283,64|0,65|||1,84|01|283,64|3,00|||8,51||
|C190|000|5152|17,00|3615,33|3615,33|614,61|0|0|0|0||
|C100|1|0|800008026|01|00|U|0069046||30042011|30042011|11027,83|0|||11027,83|9||||11027,83|1874,73||||||||
|C170|1|030293||2,00000|UN|1932,18||0|000|5152||1932,18|17,00|328,47|0||0|||||||01|1932,18|0,65|||12,56|01|1932,18|3,00|||57,97||
|C170|2|030373||1,00000|UN|718,08||0|000|5152||718,08|17,00|122,07|0||0|||||||01|718,08|0,65|||4,67|01|718,08|3,00|||21,54||
|C170|3|030433||1,00000|UN|473,37||0|000|5152||473,37|17,00|80,47|0||0|||||||01|473,37|0,65|||3,08|01|473,37|3,00|||14,20||
|C170|4|030960||1,00000|UN|473,90||0|000|5152||473,90|17,00|80,56|0||0|||||||01|473,90|0,65|||3,08|01|473,90|3,00|||14,22||
|C170|5|030630||2,00000|UN|1988,84||0|000|5152||1988,84|17,00|338,10|0||0|||||||01|1988,84|0,65|||12,93|01|1988,84|3,00|||59,67||
|C170|6|030523||3,00000|UN|519,81||0|000|5152||519,81|17,00|88,37|0||0|||||||01|519,81|0,65|||3,38|01|519,81|3,00|||15,59||
|C170|7|040550||8,00000|UN|721,20||0|000|5152||721,20|17,00|122,60|0||0|||||||01|721,20|0,65|||4,69|01|721,20|3,00|||21,64||
|C170|8|040570||10,00000|UN|1163,40||0|000|5152||1163,40|17,00|197,78|0||0|||||||01|1163,40|0,65|||7,56|01|1163,40|3,00|||34,90||
|C170|9|290153||2,00000|UN|399,96||0|000|5152||399,96|17,00|67,99|0||0|||||||01|399,96|0,65|||2,60|01|399,96|3,00|||12,00||
|C170|10|031130||1,00000|UN|669,49||0|000|5152||669,49|17,00|113,81|0||0|||||||01|669,49|0,65|||4,35|01|669,49|3,00|||20,08||
|C170|11|200370||10,00000|UN|1967,60||0|000|5152||1967,60|17,00|334,49|0||0|||||||01|1967,60|0,65|||12,79|01|1967,60|3,00|||59,03||
|C190|000|5152|17,00|11027,83|11027,83|1874,73|0|0|0|0||
|C100|1|0|800008026|01|00|U|0069048||30042011|30042011|4498,65|0|||4498,65|9||||4498,65|764,77||||||||
|C170|1|030333||1,00000|UN|1106,91||0|000|5152||1106,91|17,00|188,17|0||0|||||||01|1106,91|0,65|||7,19|01|1106,91|3,00|||33,21||
|C170|2|040393||1,00000|UN|581,01||0|000|5152||581,01|17,00|98,77|0||0|||||||01|581,01|0,65|||3,78|01|581,01|3,00|||17,43||
|C170|3|220133||2,00000|UN|1994,08||0|000|5152||1994,08|17,00|338,99|0||0|||||||01|1994,08|0,65|||12,96|01|1994,08|3,00|||59,82||
|C170|4|040440||1,00000|UN|261,15||0|000|5152||261,15|17,00|44,40|0||0|||||||01|261,15|0,65|||1,70|01|261,15|3,00|||7,83||
|C170|5|100013||1,00000|UN|187,05||0|000|5152||187,05|17,00|31,80|0||0|||||||01|187,05|0,65|||1,22|01|187,05|3,00|||5,61||
|C170|6|040453||1,00000|UN|368,45||0|000|5152||368,45|17,00|62,64|0||0|||||||01|368,45|0,65|||2,39|01|368,45|3,00|||11,05||
|C190|000|5152|17,00|4498,65|4498,65|764,77|0|0|0|0||
|C100|1|0|800008026|01|00|U|0068945||05042011|05042011|1216,52|0|||1216,52|9||||1216,32|206,77||||||||
|C170|1|500040||16,00000|UN|263,68||0|000|5152||263,68|17,00|44,83|0||0|||||||01|263,68|0,65|||1,71|01|263,68|3,00|||7,91||
|C170|2|500050||16,00000|UN|381,44||0|000|5152||381,44|17,00|64,84|0||0|||||||01|381,44|0,65|||2,48|01|381,44|3,00|||11,44||
|C170|3|500290||2,00000|UN|43,50||0|000|5152||43,50|17,00|7,39|0||0|||||||01|43,50|0,65|||0,28|01|43,50|3,00|||1,31||
|C170|4|500300||2,00000|UN|7,74||0|000|5152||7,74|17,00|1,32|0||0|||||||01|7,74|0,65|||0,05|01|7,74|3,00|||0,23||
|C170|5|500310||2,00000|UN|9,22||0|000|5152||9,22|17,00|1,57|0||0|||||||01|9,22|0,65|||0,06|01|9,22|3,00|||0,28||
|C170|6|500160||10,00000|UN|135,30||0|000|5152||135,30|17,00|23,00|0||0|||||||01|135,30|0,65|||0,88|01|135,30|3,00|||4,06||
|C170|7|500320||2,00000|UN|11,04||0|000|5152||11,04|17,00|1,88|0||0|||||||01|11,04|0,65|||0,07|01|11,04|3,00|||0,33||
|C170|8|500330||2,00000|UN|13,18||0|000|5152||13,18|17,00|2,24|0||0|||||||01|13,18|0,65|||0,09|01|13,18|3,00|||0,40||
|C170|9|501270||6,00000|UN|24,00||0|000|5152||24,00|17,00|4,08|0||0|||||||01|24,00|0,65|||0,16|01|24,00|3,00|||0,72||
|C170|10|500380||10,00000|UN|208,80||0|000|5152||208,80|17,00|35,50|0||0|||||||01|208,80|0,65|||1,36|01|208,80|3,00|||6,26||
|C170|11|501850||6,00000|UN|70,98||0|000|5152||70,98|17,00|12,07|0||0|||||||01|70,98|0,65|||0,46|01|70,98|3,00|||2,13||
|C170|12|500340||6,00000|UN|10,32||0|000|5152||10,32|17,00|1,75|0||0|||||||01|10,32|0,65|||0,07|01|10,32|3,00|||0,31||
|C170|13|500350||6,00000|UN|15,12||0|000|5152||15,12|17,00|2,57|0||0|||||||01|15,12|0,65|||0,10|01|15,12|3,00|||0,45||
|C170|14|500370||6,00000|UN|22,20||0|000|5152||22,00|17,00|3,74|0||0|||||||01|22,20|0,65|||0,14|01|22,20|3,00|||0,67||
|C190|000|5152|17,00|1216,52|1216,32|206,77|0|0|0|0||
|C100|1|0|800008026|01|00|U|0068946||05042011|05042011|401,06|0|||401,06|9||||401,06|68,18||||||||
|C170|1|500020||4,00000|UN|24,76||0|000|5152||24,76|17,00|4,21|0||0|||||||01|24,76|0,65|||0,16|01|24,76|3,00|||0,74||
|C170|2|500021||4,00000|UN|19,92||0|000|5152||19,92|17,00|3,39|0||0|||||||01|19,92|0,65|||0,13|01|19,92|3,00|||0,60||
|C170|3|500140||2,00000|UN|50,56||0|000|5152||50,56|17,00|8,60|0||0|||||||01|50,56|0,65|||0,33|01|50,56|3,00|||1,52||
|C170|4|500090||2,00000|UN|65,58||0|000|5152||65,58|17,00|11,15|0||0|||||||01|65,58|0,65|||0,43|01|65,58|3,00|||1,97||
|C170|5|500550||6,00000|UN|12,66||0|000|5152||12,66|17,00|2,15|0||0|||||||01|12,66|0,65|||0,08|01|12,66|3,00|||0,38||
|C170|6|500510||6,00000|UN|36,36||0|000|5152||36,36|17,00|6,18|0||0|||||||01|36,36|0,65|||0,24|01|36,36|3,00|||1,09||
|C170|7|501130||6,00000|UN|20,40||0|000|5152||20,40|17,00|3,47|0||0|||||||01|20,40|0,65|||0,13|01|20,40|3,00|||0,61||
|C170|8|501300||6,00000|UN|12,60||0|000|5152||12,60|17,00|2,14|0||0|||||||01|12,60|0,65|||0,08|01|12,60|3,00|||0,38||
|C170|9|501140||6,00000|UN|20,40||0|000|5152||20,40|17,00|3,47|0||0|||||||01|20,40|0,65|||0,13|01|20,40|3,00|||0,61||
|C170|10|500820||6,00000|UN|20,40||0|000|5152||20,40|17,00|3,47|0||0|||||||01|20,40|0,65|||0,13|01|20,40|3,00|||0,61||
|C170|11|500790||6,00000|UN|20,40||0|000|5152||20,40|17,00|3,47|0||0|||||||01|20,40|0,65|||0,13|01|20,40|3,00|||0,61||
|C170|12|501080||6,00000|UN|20,40||0|000|5152||20,40|17,00|3,47|0||0|||||||01|20,40|0,65|||0,13|01|20,40|3,00|||0,61||
|C170|13|501170||6,00000|UN|12,66||0|000|5152||12,66|17,00|2,15|0||0|||||||01|12,66|0,65|||0,08|01|12,66|3,00|||0,38||
|C170|14|500810||6,00000|UN|28,80||0|000|5152||28,80|17,00|4,90|0||0|||||||01|28,80|0,65|||0,19|01|28,80|3,00|||0,86||
|C170|15|501351||12,00000|UN|18,12||0|000|5152||18,12|17,00|3,08|0||0|||||||01|18,12|0,65|||0,12|01|18,12|3,00|||0,54||
|C170|16|501352||12,00000|UN|17,04||0|000|5152||17,04|17,00|2,90|0||0|||||||01|17,04|0,65|||0,11|01|17,04|3,00|||0,51||
|C190|000|5152|17,00|401,06|401,06|68,18|0|0|0|0||
|C100|1|0|800008026|01|00|U|0068947||05042011|05042011|688,53|0|||688,53|9||||688,53|117,05||||||||
|C170|1|500082||6,00000|UN|136,02||0|000|5152||136,02|17,00|23,12|0||0|||||||01|136,02|0,65|||0,88|01|136,02|3,00|||4,08||
|C170|2|500084||2,00000|UN|45,34||0|000|5152||45,34|17,00|7,71|0||0|||||||01|45,34|0,65|||0,29|01|45,34|3,00|||1,36||
|C170|3|500270||2,00000|UN|92,04||0|000|5152||92,04|17,00|15,65|0||0|||||||01|92,04|0,65|||0,60|01|92,04|3,00|||2,76||
|C170|4|500441||2,00000|UN|53,62||0|000|5152||53,62|17,00|9,12|0||0|||||||01|53,62|0,65|||0,35|01|53,62|3,00|||1,61||
|C170|5|500411||7,00000|UN|26,39||0|000|5152||26,39|17,00|4,49|0||0|||||||01|26,39|0,65|||0,17|01|26,39|3,00|||0,79||
|C170|6|500560||2,00000|UN|23,28||0|000|5152||23,28|17,00|3,96|0||0|||||||01|23,28|0,65|||0,15|01|23,28|3,00|||0,70||
|C170|7|501180||2,00000|UN|21,86||0|000|5152||21,86|17,00|3,72|0||0|||||||01|21,86|0,65|||0,14|01|21,86|3,00|||0,66||
|C170|8|500700||6,00000|UN|51,90||0|000|5152||51,90|17,00|8,82|0||0|||||||01|51,90|0,65|||0,34|01|51,90|3,00|||1,56||
|C170|9|501940||2,00000|UN|8,34||0|000|5152||8,34|17,00|1,42|0||0|||||||01|8,34|0,65|||0,05|01|8,34|3,00|||0,25||
|C170|10|501390||2,00000|UN|67,48||0|000|5152||67,48|17,00|11,47|0||0|||||||01|67,48|0,65|||0,44|01|67,48|3,00|||2,02||
|C170|11|501400||2,00000|UN|47,10||0|000|5152||47,10|17,00|8,01|0||0|||||||01|47,10|0,65|||0,31|01|47,10|3,00|||1,41||
|C170|12|500561||2,00000|UN|19,20||0|000|5152||19,20|17,00|3,26|0||0|||||||01|19,20|0,65|||0,12|01|19,20|3,00|||0,58||
|C170|13|502070||2,00000|UN|95,96||0|000|5152||95,96|17,00|16,31|0||0|||||||01|95,96|0,65|||0,62|01|95,96|3,00|||2,88||
|C190|000|5152|17,00|688,53|688,53|117,05|0|0|0|0||
|C100|1|0|800008026|01|00|U|0068948||05042011|05042011|869,94|0|||869,94|9||||869,94|147,89||||||||
|C170|1|500553||1,00000|UN|5,76||0|000|5152||5,76|17,00|0,98|0||0|||||||01|5,76|0,65|||0,04|01|5,76|3,00|||0,17||
|C170|2|500554||1,00000|UN|11,88||0|000|5152||11,88|17,00|2,02|0||0|||||||01|11,88|0,65|||0,08|01|11,88|3,00|||0,36||
|C170|3|500555||1,00000|UN|8,06||0|000|5152||8,06|17,00|1,37|0||0|||||||01|8,06|0,65|||0,05|01|8,06|3,00|||0,24||
|C170|4|500556||2,00000|UN|46,00||0|000|5152||46,00|17,00|7,82|0||0|||||||01|46,00|0,65|||0,30|01|46,00|3,00|||1,38||
|C170|5|500557||2,00000|UN|21,60||0|000|5152||21,60|17,00|3,67|0||0|||||||01|21,60|0,65|||0,14|01|21,60|3,00|||0,65||
|C170|6|500558||1,00000|UN|12,47||0|000|5152||12,47|17,00|2,12|0||0|||||||01|12,47|0,65|||0,08|01|12,47|3,00|||0,37||
|C170|7|501771||6,00000|UN|51,24||0|000|5152||51,24|17,00|8,71|0||0|||||||01|51,24|0,65|||0,33|01|51,24|3,00|||1,54||
|C170|8|501740||8,00000|UN|231,60||0|000|5152||231,60|17,00|39,37|0||0|||||||01|231,60|0,65|||1,51|01|231,60|3,00|||6,95||
|C170|9|501760||8,00000|UN|94,24||0|000|5152||94,24|17,00|16,02|0||0|||||||01|94,24|0,65|||0,61|01|94,24|3,00|||2,83||
|C170|10|501770||8,00000|UN|48,00||0|000|5152||48,00|17,00|8,16|0||0|||||||01|48,00|0,65|||0,31|01|48,00|3,00|||1,44||
|C170|11|501780||8,00000|UN|50,56||0|000|5152||50,56|17,00|8,60|0||0|||||||01|50,56|0,65|||0,33|01|50,56|3,00|||1,52||
|C170|12|501791||8,00000|UN|86,24||0|000|5152||86,24|17,00|14,66|0||0|||||||01|86,24|0,65|||0,56|01|86,24|3,00|||2,59||
|C170|13|501790||8,00000|UN|106,48||0|000|5152||106,48|17,00|18,10|0||0|||||||01|106,48|0,65|||0,69|01|106,48|3,00|||3,19||
|C170|14|500559||1,00000|UN|11,83||0|000|5152||11,83|17,00|2,01|0||0|||||||01|11,83|0,65|||0,08|01|11,83|3,00|||0,35||
|C170|15|502080||2,00000|UN|20,44||0|000|5152||20,44|17,00|3,47|0||0|||||||01|20,44|0,65|||0,13|01|20,44|3,00|||0,61||
|C170|16|501800||6,00000|UN|63,54||0|000|5152||63,54|17,00|10,80|0||0|||||||01|63,54|0,65|||0,41|01|63,54|3,00|||1,91||
|C190|000|5152|17,00|869,94|869,94|147,89|0|0|0|0||
|C100|1|0|800008026|01|00|U|0068949||05042011|05042011|530,54|0|||530,54|9||||530,54|90,19||||||||
|C170|1|500170||2,00000|UN|40,74||0|000|5152||40,74|17,00|6,93|0||0|||||||01|40,74|0,65|||0,26|01|40,74|3,00|||1,22||
|C170|2|500171||6,00000|UN|134,82||0|000|5152||134,82|17,00|22,92|0||0|||||||01|134,82|0,65|||0,88|01|134,82|3,00|||4,04||
|C170|3|500621||2,00000|UN|54,38||0|000|5152||54,38|17,00|9,24|0||0|||||||01|54,38|0,65|||0,35|01|54,38|3,00|||1,63||
|C170|4|500622||2,00000|UN|59,80||0|000|5152||59,80|17,00|10,17|0||0|||||||01|59,80|0,65|||0,39|01|59,80|3,00|||1,79||
|C170|5|502202||2,00000|UN|75,94||0|000|5152||75,94|17,00|12,91|0||0|||||||01|75,94|0,65|||0,49|01|75,94|3,00|||2,28||
|C170|6|500191||1,00000|UN|28,09||0|000|5152||28,09|17,00|4,78|0||0|||||||01|28,09|0,65|||0,18|01|28,09|3,00|||0,84||
|C170|7|502371||12,00000|UN|40,08||0|000|5152||40,08|17,00|6,81|0||0|||||||01|40,08|0,65|||0,26|01|40,08|3,00|||1,20||
|C170|8|502381||3,00000|UN|16,53||0|000|5152||16,53|17,00|2,81|0||0|||||||01|16,53|0,65|||0,11|01|16,53|3,00|||0,50||
|C170|9|502390||3,00000|UN|16,53||0|000|5152||16,53|17,00|2,81|0||0|||||||01|16,53|0,65|||0,11|01|16,53|3,00|||0,50||
|C170|10|502382||6,00000|UN|9,30||0|000|5152||9,30|17,00|1,58|0||0|||||||01|9,30|0,65|||0,06|01|9,30|3,00|||0,28||
|C170|11|502383||6,00000|UN|17,16||0|000|5152||17,16|17,00|2,92|0||0|||||||01|17,16|0,65|||0,11|01|17,16|3,00|||0,51||
|C170|12|502391||3,00000|UN|16,53||0|000|5152||16,53|17,00|2,81|0||0|||||||01|16,53|0,65|||0,11|01|16,53|3,00|||0,50||
|C170|13|502394||6,00000|UN|20,64||0|000|5152||20,64|17,00|3,51|0||0|||||||01|20,64|0,65|||0,13|01|20,64|3,00|||0,62||
|C190|000|5152|17,00|530,54|530,54|90,19|0|0|0|0||
|C100|1|0|800008026|01|00|U|0068950||06042011|06042011|2697,48|0|||2697,48|9||||2697,48|458,57||||||||
|C170|1|890081||6,00000|UN|220,08||0|000|5152||220,08|17,00|37,41|0||0|||||||01|220,08|0,65|||1,43|01|220,08|3,00|||6,60||
|C170|2|890320||2,00000|UN|139,24||0|000|5152||139,24|17,00|23,67|0||0|||||||01|139,24|0,65|||0,91|01|139,24|3,00|||4,18||
|C170|3|890321||2,00000|UN|133,92||0|000|5152||133,92|17,00|22,77|0||0|||||||01|133,92|0,65|||0,87|01|133,92|3,00|||4,02||
|C170|4|890340||4,00000|UN|115,56||0|000|5152||115,56|17,00|19,65|0||0|||||||01|115,56|0,65|||0,75|01|115,56|3,00|||3,47||
|C170|5|890350||2,00000|UN|134,00||0|000|5152||134,00|17,00|22,78|0||0|||||||01|134,00|0,65|||0,87|01|134,00|3,00|||4,02||
|C170|6|890360||5,00000|UN|353,60||0|000|5152||353,60|17,00|60,11|0||0|||||||01|353,60|0,65|||2,30|01|353,60|3,00|||10,61||
|C170|7|890590||2,00000|UN|362,26||0|000|5152||362,26|17,00|61,58|0||0|||||||01|362,26|0,65|||2,35|01|362,26|3,00|||10,87||
|C170|8|890410||2,00000|UN|155,94||0|000|5152||155,94|17,00|26,51|0||0|||||||01|155,94|0,65|||1,01|01|155,94|3,00|||4,68||
|C170|9|890500||3,00000|UN|180,36||0|000|5152||180,36|17,00|30,66|0||0|||||||01|180,36|0,65|||1,17|01|180,36|3,00|||5,41||
|C170|10|890421||2,00000|UN|245,96||0|000|5152||245,96|17,00|41,81|0||0|||||||01|245,96|0,65|||1,60|01|245,96|3,00|||7,38||
|C170|11|890411||2,00000|UN|280,76||0|000|5152||280,76|17,00|47,73|0||0|||||||01|280,76|0,65|||1,82|01|280,76|3,00|||8,42||
|C170|12|890440||3,00000|UN|94,38||0|000|5152||94,38|17,00|16,04|0||0|||||||01|94,38|0,65|||0,61|01|94,38|3,00|||2,83||
|C170|13|890450||2,00000|UN|121,26||0|000|5152||121,26|17,00|20,61|0||0|||||||01|121,26|0,65|||0,79|01|121,26|3,00|||3,64||
|C170|14|890430||2,00000|UN|160,16||0|000|5152||160,16|17,00|27,23|0||0|||||||01|160,16|0,65|||1,04|01|160,16|3,00|||4,80||
|C190|000|5152|17,00|2697,48|2697,48|458,57|0|0|0|0||
|C100|1|0|800008026|01|00|U|0068951||06042011|06042011|2890,49|0|||2890,49|9||||2890,49|491,38||||||||
|C170|1|890210||2,00000|UN|522,80||0|000|5152||522,80|17,00|88,88|0||0|||||||01|522,80|0,65|||3,40|01|522,80|3,00|||15,68||
|C170|2|890370||3,00000|UN|601,68||0|000|5152||601,68|17,00|102,29|0||0|||||||01|601,68|0,65|||3,91|01|601,68|3,00|||18,05||
|C170|3|890560||3,00000|UN|346,11||0|000|5152||346,11|17,00|58,84|0||0|||||||01|346,11|0,65|||2,25|01|346,11|3,00|||10,38||
|C170|4|890600||1,00000|UN|1179,42||0|000|5152||1179,42|17,00|200,50|0||0|||||||01|1179,42|0,65|||7,67|01|1179,42|3,00|||35,38||
|C170|5|890500||4,00000|UN|240,48||0|000|5152||240,48|17,00|40,88|0||0|||||||01|240,48|0,65|||1,56|01|240,48|3,00|||7,21||
|C190|000|5152|17,00|2890,49|2890,49|491,38|0|0|0|0||
|C100|1|0|800008026|01|00|U|0068952||06042011|06042011|9499,14|0|||9499,14|9||||9499,14|1614,85||||||||
|C170|1|030093||1,00000|UN|1331,80||0|000|5152||1331,80|17,00|226,41|0||0|||||||01|1331,80|0,65|||8,66|01|1331,80|3,00|||39,95||
|C170|2|030353||1,00000|UN|1364,80||0|000|5152||1364,80|17,00|232,02|0||0|||||||01|1364,80|0,65|||8,87|01|1364,80|3,00|||40,94||
|C170|3|040133||1,00000|UN|466,97||0|000|5152||466,97|17,00|79,38|0||0|||||||01|466,97|0,65|||3,04|01|466,97|3,00|||14,01||
|C170|4|031190||1,00000|UN|607,16||0|000|5152||607,16|17,00|103,22|0||0|||||||01|607,16|0,65|||3,95|01|607,16|3,00|||18,21||
|C170|5|040173||1,00000|UN|619,32||0|000|5152||619,32|17,00|105,28|0||0|||||||01|619,32|0,65|||4,03|01|619,32|3,00|||18,58||
|C170|6|031263||1,00000|UN|284,33||0|000|5152||284,33|17,00|48,34|0||0|||||||01|284,33|0,65|||1,85|01|284,33|3,00|||8,53||
|C170|7|250520||1,00000|UN|554,98||0|000|5152||554,98|17,00|94,35|0||0|||||||01|554,98|0,65|||3,61|01|554,98|3,00|||16,65||
|C170|8|650200||10,00000|UN|174,30||0|000|5152||174,30|17,00|29,63|0||0|||||||01|174,30|0,65|||1,13|01|174,30|3,00|||5,23||
|C170|9|180253||8,00000|UN|1488,16||0|000|5152||1488,16|17,00|252,99|0||0|||||||01|1488,16|0,65|||9,67|01|1488,16|3,00|||44,64||
|C170|10|040383||1,00000|UN|422,04||0|000|5152||422,04|17,00|71,75|0||0|||||||01|422,04|0,65|||2,74|01|422,04|3,00|||12,66||
|C170|11|180280||9,00000|UN|478,08||0|000|5152||478,08|17,00|81,27|0||0|||||||01|478,08|0,65|||3,11|01|478,08|3,00|||14,34||
|C170|12|070420||10,00000|UN|1707,20||0|000|5152||1707,20|17,00|290,22|0||0|||||||01|1707,20|0,65|||11,10|01|1707,20|3,00|||51,22||
|C190|000|5152|17,00|9499,14|9499,14|1614,85|0|0|0|0||
|C100|1|0|800008026|01|00|U|0068956||07042011|07042011|2341,09|0|||2341,09|9||||2341,09|397,99||||||||
|C170|1|220650||1,00000|UN|2341,09||0|000|5152||2341,09|17,00|397,99|0||0|||||||01|2341,09|0,65|||15,22|01|2341,09|3,00|||70,23||
|C190|000|5152|17,00|2341,09|2341,09|397,99|0|0|0|0||
|C100|1|0|800008026|01|00|U|0068957||07042011|07042011|6656,76|0|||6656,76|9||||6656,76|1131,65||||||||
|C170|1|030553||2,00000|UN|1179,62||0|000|5152||1179,62|17,00|200,54|0||0|||||||01|1179,62|0,65|||7,67|01|1179,62|3,00|||35,39||
|C170|2|030910||1,00000|UN|535,87||0|000|5152||535,87|17,00|91,10|0||0|||||||01|535,87|0,65|||3,48|01|535,87|3,00|||16,08||
|C170|3|040430||3,00000|UN|606,12||0|000|5152||606,12|17,00|103,04|0||0|||||||01|606,12|0,65|||3,94|01|606,12|3,00|||18,18||
|C170|4|040440||3,00000|UN|783,45||0|000|5152||783,45|17,00|133,19|0||0|||||||01|783,45|0,65|||5,09|01|783,45|3,00|||23,50||
|C170|5|040290||2,00000|UN|1283,56||0|000|5152||1283,56|17,00|218,21|0||0|||||||01|1283,56|0,65|||8,34|01|1283,56|3,00|||38,51||
|C170|6|040453||1,00000|UN|368,45||0|000|5152||368,45|17,00|62,64|0||0|||||||01|368,45|0,65|||2,39|01|368,45|3,00|||11,05||
|C170|7|040530||3,00000|UN|1899,69||0|000|5152||1899,69|17,00|322,95|0||0|||||||01|1899,69|0,65|||12,35|01|1899,69|3,00|||56,99||
|C190|000|5152|17,00|6656,76|6656,76|1131,65|0|0|0|0||
|C100|1|0|800008026|01|00|U|0068961||07042011|07042011|210,29|0|||210,29|9||||210,29|35,75||||||||
|C170|1|031093||1,00000|UN|210,29||0|000|5152||210,29|17,00|35,75|0||0|||||||01|210,29|0,65|||1,37|01|210,29|3,00|||6,31||
|C190|000|5152|17,00|210,29|210,29|35,75|0|0|0|0||
|C100|1|0|800008026|01|00|U|0068963||08042011|08042011|2523,89|0|||2523,89|9||||2523,89|429,06||||||||
|C170|1|100200||1,00000|UN|248,31||0|000|5152||248,31|17,00|42,21|0||0|||||||01|248,31|0,65|||1,61|01|248,31|3,00|||7,45||
|C170|2|180263||1,00000|UN|145,20||0|000|5152||145,20|17,00|24,68|0||0|||||||01|145,20|0,65|||0,94|01|145,20|3,00|||4,36||
|C170|3|180790||1,00000|UN|1172,06||0|000|5152||1172,06|17,00|199,25|0||0|||||||01|1172,06|0,65|||7,62|01|1172,06|3,00|||35,16||
|C170|4|180390||1,00000|UN|639,06||0|000|5152||639,06|17,00|108,64|0||0|||||||01|639,06|0,65|||4,15|01|639,06|3,00|||19,17||
|C170|5|180380||1,00000|UN|319,26||0|000|5152||319,26|17,00|54,27|0||0|||||||01|319,26|0,65|||2,08|01|319,26|3,00|||9,58||
|C190|000|5152|17,00|2523,89|2523,89|429,06|0|0|0|0||
|C100|1|0|800008026|01|00|U|0068965||08042011|08042011|671,90|0|||671,90|9||||671,90|114,22||||||||
|C170|1|500050||12,00000|UN|286,08||0|000|5152||286,08|17,00|48,63|0||0|||||||01|286,08|0,65|||1,86|01|286,08|3,00|||8,58||
|C170|2|500290||1,00000|UN|21,75||0|000|5152||21,75|17,00|3,70|0||0|||||||01|21,75|0,65|||0,14|01|21,75|3,00|||0,65||
|C170|3|500441||1,00000|UN|26,81||0|000|5152||26,81|17,00|4,56|0||0|||||||01|26,81|0,65|||0,17|01|26,81|3,00|||0,80||
|C170|4|500551||3,00000|UN|42,60||0|000|5152||42,60|17,00|7,24|0||0|||||||01|42,60|0,65|||0,28|01|42,60|3,00|||1,28||
|C170|5|500380||4,00000|UN|83,52||0|000|5152||83,52|17,00|14,20|0||0|||||||01|83,52|0,65|||0,54|01|83,52|3,00|||2,51||
|C170|6|500554||1,00000|UN|11,88||0|000|5152||11,88|17,00|2,02|0||0|||||||01|11,88|0,65|||0,08|01|11,88|3,00|||0,36||
|C170|7|500560||2,00000|UN|23,28||0|000|5152||23,28|17,00|3,96|0||0|||||||01|23,28|0,65|||0,15|01|23,28|3,00|||0,70||
|C170|8|501352||2,00000|UN|2,84||0|000|5152||2,84|17,00|0,48|0||0|||||||01|2,84|0,65|||0,02|01|2,84|3,00|||0,09||
|C170|9|502371||12,00000|UN|40,08||0|000|5152||40,08|17,00|6,81|0||0|||||||01|40,08|0,65|||0,26|01|40,08|3,00|||1,20||
|C170|10|501850||4,00000|UN|47,32||0|000|5152||47,32|17,00|8,04|0||0|||||||01|47,32|0,65|||0,31|01|47,32|3,00|||1,42||
|C170|11|501800||4,00000|UN|42,36||0|000|5152||42,36|17,00|7,20|0||0|||||||01|42,36|0,65|||0,28|01|42,36|3,00|||1,27||
|C170|12|500555||1,00000|UN|8,06||0|000|5152||8,06|17,00|1,37|0||0|||||||01|8,06|0,65|||0,05|01|8,06|3,00|||0,24||
|C170|13|500558||1,00000|UN|12,47||0|000|5152||12,47|17,00|2,12|0||0|||||||01|12,47|0,65|||0,08|01|12,47|3,00|||0,37||
|C170|14|500559||1,00000|UN|11,83||0|000|5152||11,83|17,00|2,01|0||0|||||||01|11,83|0,65|||0,08|01|11,83|3,00|||0,35||
|C170|15|502381||2,00000|UN|11,02||0|000|5152||11,02|17,00|1,87|0||0|||||||01|11,02|0,65|||0,07|01|11,02|3,00|||0,33||
|C190|000|5152|17,00|671,90|671,90|114,22|0|0|0|0||
|C100|1|0|800008026|01|00|U|0068966||08042011|08042011|630,94|0|||630,94|9||||630,94|107,26||||||||
|C170|1|500390||16,00000|UN|441,28||0|000|5152||441,28|17,00|75,02|0||0|||||||01|441,28|0,65|||2,87|01|441,28|3,00|||13,24||
|C170|2|502190||3,00000|UN|79,02||0|000|5152||79,02|17,00|13,43|0||0|||||||01|79,02|0,65|||0,51|01|79,02|3,00|||2,37||
|C170|3|502200||4,00000|UN|110,64||0|000|5152||110,64|17,00|18,81|0||0|||||||01|110,64|0,65|||0,72|01|110,64|3,00|||3,32||
|C190|000|5152|17,00|630,94|630,94|107,26|0|0|0|0||
|C100|1|0|800008026|01|00|U|0068967||08042011|08042011|3378,10|0|||3378,10|9||||3378,10|574,28||||||||
|C170|1|270010||10,00000|UN|3378,10||0|000|5152||3378,10|17,00|574,28|0||0|||||||01|3378,10|0,65|||21,96|01|3378,10|3,00|||101,34||
|C190|000|5152|17,00|3378,10|3378,10|574,28|0|0|0|0||
|C100|1|0|800008026|01|00|U|0068968||09042011|09042011|837,53|0|||837,53|9||||837,53|142,38||||||||
|C170|1|030363||1,00000|UN|650,48||0|000|5152||650,48|17,00|110,58|0||0|||||||01|650,48|0,65|||4,23|01|650,48|3,00|||19,51||
|C170|2|100013||1,00000|UN|187,05||0|000|5152||187,05|17,00|31,80|0||0|||||||01|187,05|0,65|||1,22|01|187,05|3,00|||5,61||
|C190|000|5152|17,00|837,53|837,53|142,38|0|0|0|0||
|C100|1|0|800008026|01|00|U|0068969||09042011|09042011|1901,03|0|||1901,03|9||||1901,03|323,18||||||||
|C170|1|040103||1,00000|UN|870,34||0|000|5152||870,34|17,00|147,96|0||0|||||||01|870,34|0,65|||5,66|01|870,34|3,00|||26,11||
|C170|2|040250||1,00000|UN|525,13||0|000|5152||525,13|17,00|89,27|0||0|||||||01|525,13|0,65|||3,41|01|525,13|3,00|||15,75||
|C170|3|050683||1,00000|UN|505,56||0|000|5152||505,56|17,00|85,95|0||0|||||||01|505,56|0,65|||3,29|01|505,56|3,00|||15,17||
|C190|000|5152|17,00|1901,03|1901,03|323,18|0|0|0|0||
|C100|1|0|800008026|01|00|U|0068971||09042011|09042011|261,24|0|||261,24|9||||261,24|44,41||||||||
|C170|1|290190||1,00000|UN|32,70||0|000|5152||32,70|17,00|5,56|0||0|||||||01|32,70|0,65|||0,21|01|32,70|3,00|||0,98||
|C170|2|290220||1,00000|UN|48,31||0|000|5152||48,31|17,00|8,21|0||0|||||||01|48,31|0,65|||0,31|01|48,31|3,00|||1,45||
|C170|3|910900||1,00000|UN|25,49||0|000|5152||25,49|17,00|4,33|0||0|||||||01|25,49|0,65|||0,17|01|25,49|3,00|||0,76||
|C170|4|890560||1,00000|UN|115,37||0|000|5152||115,37|17,00|19,61|0||0|||||||01|115,37|0,65|||0,75|01|115,37|3,00|||3,46||
|C170|5|902511||1,00000|UN|39,37||0|000|5152||39,37|17,00|6,69|0||0|||||||01|39,37|0,65|||0,26|01|39,37|3,00|||1,18||
|C190|000|5152|17,00|261,24|261,24|44,41|0|0|0|0||
|C100|1|0|800008026|01|00|U|0068972||11042011|11042011|2238,06|0|||2238,06|9||||2238,06|380,47||||||||
|C170|1|180700||1,00000|UN|2238,06||0|000|5152||2238,06|17,00|380,47|0||0|||||||01|2238,06|0,65|||14,55|01|2238,06|3,00|||67,14||
|C190|000|5152|17,00|2238,06|2238,06|380,47|0|0|0|0||
|C100|1|0|800008026|01|00|U|0068973||11042011|11042011|10897,93|0|||10897,93|9||||10897,93|1852,65||||||||
|C170|1|030083||1,00000|UN|1811,62||0|000|5152||1811,62|17,00|307,98|0||0|||||||01|1811,62|0,65|||11,78|01|1811,62|3,00|||54,35||
|C170|2|030133||2,00000|UN|2166,88||0|000|5152||2166,88|17,00|368,37|0||0|||||||01|2166,88|0,65|||14,08|01|2166,88|3,00|||65,01||
|C170|3|030910||1,00000|UN|535,87||0|000|5152||535,87|17,00|91,10|0||0|||||||01|535,87|0,65|||3,48|01|535,87|3,00|||16,08||
|C170|4|030960||1,00000|UN|473,90||0|000|5152||473,90|17,00|80,56|0||0|||||||01|473,90|0,65|||3,08|01|473,90|3,00|||14,22||
|C170|5|030940||1,00000|UN|993,60||0|000|5152||993,60|17,00|168,91|0||0|||||||01|993,60|0,65|||6,46|01|993,60|3,00|||29,81||
|C170|6|030523||1,00000|UN|173,27||0|000|5152||173,27|17,00|29,46|0||0|||||||01|173,27|0,65|||1,13|01|173,27|3,00|||5,20||
|C170|7|031170||1,00000|UN|1105,06||0|000|5152||1105,06|17,00|187,86|0||0|||||||01|1105,06|0,65|||7,18|01|1105,06|3,00|||33,15||
|C170|8|100160||1,00000|UN|285,50||0|000|5152||285,50|17,00|48,53|0||0|||||||01|285,50|0,65|||1,86|01|285,50|3,00|||8,57||
|C170|9|040133||1,00000|UN|466,97||0|000|5152||466,97|17,00|79,38|0||0|||||||01|466,97|0,65|||3,04|01|466,97|3,00|||14,01||
|C170|10|040423||1,00000|UN|471,65||0|000|5152||471,65|17,00|80,18|0||0|||||||01|471,65|0,65|||3,07|01|471,65|3,00|||14,15||
|C170|11|031160||1,00000|UN|1075,61||0|000|5152||1075,61|17,00|182,85|0||0|||||||01|1075,61|0,65|||6,99|01|1075,61|3,00|||32,27||
|C170|12|100200||1,00000|UN|248,31||0|000|5152||248,31|17,00|42,21|0||0|||||||01|248,31|0,65|||1,61|01|248,31|3,00|||7,45||
|C170|13|180260||1,00000|UN|170,03||0|000|5152||170,03|17,00|28,91|0||0|||||||01|170,03|0,65|||1,11|01|170,03|3,00|||5,10||
|C170|14|100210||1,00000|UN|232,47||0|000|5152||232,47|17,00|39,52|0||0|||||||01|232,47|0,65|||1,51|01|232,47|3,00|||6,97||
|C170|15|180290||1,00000|UN|74,59||0|000|5152||74,59|17,00|12,68|0||0|||||||01|74,59|0,65|||0,48|01|74,59|3,00|||2,24||
|C170|16|220590||1,00000|UN|612,60||0|000|5152||612,60|17,00|104,14|0||0|||||||01|612,60|0,65|||3,98|01|612,60|3,00|||18,38||
|C190|000|5152|17,00|10897,93|10897,93|1852,65|0|0|0|0||
|C100|1|0|800008026|01|00|U|0068978||12042011|12042011|8404,85|0|||8404,85|9||||8404,85|1428,82||||||||
|C170|1|030353||1,00000|UN|1364,80||0|000|5152||1364,80|17,00|232,02|0||0|||||||01|1364,80|0,65|||8,87|01|1364,80|3,00|||40,94||
|C170|2|030523||3,00000|UN|519,81||0|000|5152||519,81|17,00|88,37|0||0|||||||01|519,81|0,65|||3,38|01|519,81|3,00|||15,59||
|C170|3|040123||3,00000|UN|1330,02||0|000|5152||1330,02|17,00|226,10|0||0|||||||01|1330,02|0,65|||8,65|01|1330,02|3,00|||39,90||
|C170|4|070430||3,00000|UN|807,00||0|000|5152||807,00|17,00|137,19|0||0|||||||01|807,00|0,65|||5,25|01|807,00|3,00|||24,21||
|C170|5|031263||2,00000|UN|568,66||0|000|5152||568,66|17,00|96,67|0||0|||||||01|568,66|0,65|||3,70|01|568,66|3,00|||17,06||
|C170|6|100200||6,00000|UN|1489,86||0|000|5152||1489,86|17,00|253,28|0||0|||||||01|1489,86|0,65|||9,68|01|1489,86|3,00|||44,70||
|C170|7|100210||10,00000|UN|2324,70||0|000|5152||2324,70|17,00|395,20|0||0|||||||01|2324,70|0,65|||15,11|01|2324,70|3,00|||69,74||
|C190|000|5152|17,00|8404,85|8404,85|1428,82|0|0|0|0||
|C100|1|0|800008026|01|00|U|0068983||12042011|12042011|7674,93|0|||7674,93|9||||7674,93|1304,74||||||||
|C170|1|030130||1,00000|UN|1225,97||0|000|5152||1225,97|17,00|208,41|0||0|||||||01|1225,97|0,65|||7,97|01|1225,97|3,00|||36,78||
|C170|2|030353||2,00000|UN|2729,60||0|000|5152||2729,60|17,00|464,03|0||0|||||||01|2729,60|0,65|||17,74|01|2729,60|3,00|||81,89||
|C170|3|030383||1,00000|UN|802,93||0|000|5152||802,93|17,00|136,50|0||0|||||||01|802,93|0,65|||5,22|01|802,93|3,00|||24,09||
|C170|4|030450||1,00000|UN|556,55||0|000|5152||556,55|17,00|94,61|0||0|||||||01|556,55|0,65|||3,62|01|556,55|3,00|||16,70||
|C170|5|030543||1,00000|UN|417,48||0|000|5152||417,48|17,00|70,97|0||0|||||||01|417,48|0,65|||2,71|01|417,48|3,00|||12,52||
|C170|6|031260||1,00000|UN|328,04||0|000|5152||328,04|17,00|55,77|0||0|||||||01|328,04|0,65|||2,13|01|328,04|3,00|||9,84||
|C170|7|180770||1,00000|UN|793,00||0|000|5152||793,00|17,00|134,81|0||0|||||||01|793,00|0,65|||5,15|01|793,00|3,00|||23,79||
|C170|8|040173||1,00000|UN|619,32||0|000|5152||619,32|17,00|105,28|0||0|||||||01|619,32|0,65|||4,03|01|619,32|3,00|||18,58||
|C170|9|040430||1,00000|UN|202,04||0|000|5152||202,04|17,00|34,35|0||0|||||||01|202,04|0,65|||1,31|01|202,04|3,00|||6,06||
|C190|000|5152|17,00|7674,93|7674,93|1304,74|0|0|0|0||
|C100|1|0|800008026|01|00|U|0068984||13042011|13042011|634,98|0|||634,98|9||||634,98|107,95||||||||
|C170|1|890550||5,00000|UN|602,75||0|000|5152||602,75|17,00|102,47|0||0|||||||01|602,75|0,65|||3,92|01|602,75|3,00|||18,08||
|C170|2|900031||1,00000|UN|32,23||0|000|5152||32,23|17,00|5,48|0||0|||||||01|32,23|0,65|||0,21|01|32,23|3,00|||0,97||
|C190|000|5152|17,00|634,98|634,98|107,95|0|0|0|0||
|C100|1|0|800008026|01|00|U|0068986||13042011|13042011|199,88|0|||199,88|9||||199,88|33,98||||||||
|C170|1|120020||1,00000|UN|54,68||0|000|5152||54,68|17,00|9,30|0||0|||||||01|54,68|0,65|||0,36|01|54,68|3,00|||1,64||
|C170|2|180263||1,00000|UN|145,20||0|000|5152||145,20|17,00|24,68|0||0|||||||01|145,20|0,65|||0,94|01|145,20|3,00|||4,36||
|C190|000|5152|17,00|199,88|199,88|33,98|0|0|0|0||
|C100|1|0|800008026|01|00|U|0068988||13042011|13042011|1759,98|0|||1759,98|9||||1759,98|299,20||||||||
|C170|1|030393||1,00000|UN|925,77||0|000|5152||925,77|17,00|157,38|0||0|||||||01|925,77|0,65|||6,02|01|925,77|3,00|||27,77||
|C170|2|120080||1,00000|UN|85,49||0|000|5152||85,49|17,00|14,53|0||0|||||||01|85,49|0,65|||0,56|01|85,49|3,00|||2,56||
|C170|3|180260||1,00000|UN|170,03||0|000|5152||170,03|17,00|28,91|0||0|||||||01|170,03|0,65|||1,11|01|170,03|3,00|||5,10||
|C170|4|180380||1,00000|UN|319,26||0|000|5152||319,26|17,00|54,27|0||0|||||||01|319,26|0,65|||2,08|01|319,26|3,00|||9,58||
|C170|5|890540||1,00000|UN|259,43||0|000|5152||259,43|17,00|44,10|0||0|||||||01|259,43|0,65|||1,69|01|259,43|3,00|||7,78||
|C190|000|5152|17,00|1759,98|1759,98|299,20|0|0|0|0||
|C100|1|0|800008026|01|00|U|0068994||14042011|14042011|1230,93|0|||1230,93|9||||1230,93|209,26||||||||
|C170|1|106010||3,00000|UN|127,02||0|000|5152||127,02|17,00|21,59|0||0|||||||01|127,02|0,65|||0,83|01|127,02|3,00|||3,81||
|C170|2|106070||1,00000|UN|73,52||0|000|5152||73,52|17,00|12,50|0||0|||||||01|73,52|0,65|||0,48|01|73,52|3,00|||2,21||
|C170|3|106130||2,00000|UN|106,04||0|000|5152||106,04|17,00|18,03|0||0|||||||01|106,04|0,65|||0,69|01|106,04|3,00|||3,18||
|C170|4|106080||2,00000|UN|87,70||0|000|5152||87,70|17,00|14,91|0||0|||||||01|87,70|0,65|||0,57|01|87,70|3,00|||2,63||
|C170|5|106110||1,00000|UN|77,92||0|000|5152||77,92|17,00|13,25|0||0|||||||01|77,92|0,65|||0,51|01|77,92|3,00|||2,34||
|C170|6|660090||4,00000|UN|219,64||0|000|5152||219,64|17,00|37,34|0||0|||||||01|219,64|0,65|||1,43|01|219,64|3,00|||6,59||
|C170|7|660181||1,00000|UN|24,40||0|000|5152||24,40|17,00|4,15|0||0|||||||01|24,40|0,65|||0,16|01|24,40|3,00|||0,73||
|C170|8|660182||1,00000|UN|44,99||0|000|5152||44,99|17,00|7,65|0||0|||||||01|44,99|0,65|||0,29|01|44,99|3,00|||1,35||
|C170|9|660261||3,00000|UN|41,16||0|000|5152||41,16|17,00|7,00|0||0|||||||01|41,16|0,65|||0,27|01|41,16|3,00|||1,23||
|C170|10|660262||3,00000|UN|36,60||0|000|5152||36,60|17,00|6,22|0||0|||||||01|36,60|0,65|||0,24|01|36,60|3,00|||1,10||
|C170|11|660263||2,00000|UN|36,60||0|000|5152||36,60|17,00|6,22|0||0|||||||01|36,60|0,65|||0,24|01|36,60|3,00|||1,10||
|C170|12|660291||2,00000|UN|44,22||0|000|5152||44,22|17,00|7,52|0||0|||||||01|44,22|0,65|||0,29|01|44,22|3,00|||1,33||
|C170|13|660292||2,00000|UN|59,48||0|000|5152||59,48|17,00|10,11|0||0|||||||01|59,48|0,65|||0,39|01|59,48|3,00|||1,78||
|C170|14|660230||2,00000|UN|118,96||0|000|5152||118,96|17,00|20,22|0||0|||||||01|118,96|0,65|||0,77|01|118,96|3,00|||3,57||
|C170|15|660331||1,00000|UN|75,50||0|000|5152||75,50|17,00|12,84|0||0|||||||01|75,50|0,65|||0,49|01|75,50|3,00|||2,27||
|C170|16|660332||2,00000|UN|27,44||0|000|5152||27,44|17,00|4,66|0||0|||||||01|27,44|0,65|||0,18|01|27,44|3,00|||0,82||
|C170|17|660310||1,00000|UN|29,74||0|000|5152||29,74|17,00|5,06|0||0|||||||01|29,74|0,65|||0,19|01|29,74|3,00|||0,89||
|C190|000|5152|17,00|1230,93|1230,93|209,26|0|0|0|0||
|C100|1|0|800008026|01|00|U|0068995||14042011|14042011|1240,20|0|||1240,20|9||||1240,20|210,83||||||||
|C170|1|105080||3,00000|UN|367,41||0|000|5152||367,41|17,00|62,46|0||0|||||||01|367,41|0,65|||2,39|01|367,41|3,00|||11,02||
|C170|2|105090||1,00000|UN|69,76||0|000|5152||69,76|17,00|11,86|0||0|||||||01|69,76|0,65|||0,45|01|69,76|3,00|||2,09||
|C170|3|105100||3,00000|UN|104,76||0|000|5152||104,76|17,00|17,81|0||0|||||||01|104,76|0,65|||0,68|01|104,76|3,00|||3,14||
|C170|4|105101||6,00000|UN|56,70||0|000|5152||56,70|17,00|9,64|0||0|||||||01|56,70|0,65|||0,37|01|56,70|3,00|||1,70||
|C170|5|105102||6,00000|UN|49,98||0|000|5152||49,98|17,00|8,50|0||0|||||||01|49,98|0,65|||0,32|01|49,98|3,00|||1,50||
|C170|6|105103||2,00000|UN|28,00||0|000|5152||28,00|17,00|4,76|0||0|||||||01|28,00|0,65|||0,18|01|28,00|3,00|||0,84||
|C170|7|105104||3,00000|UN|51,99||0|000|5152||51,99|17,00|8,84|0||0|||||||01|51,99|0,65|||0,34|01|51,99|3,00|||1,56||
|C170|8|105105||3,00000|UN|56,94||0|000|5152||56,94|17,00|9,68|0||0|||||||01|56,94|0,65|||0,37|01|56,94|3,00|||1,71||
|C170|9|105106||3,00000|UN|68,82||0|000|5152||68,82|17,00|11,70|0||0|||||||01|68,82|0,65|||0,45|01|68,82|3,00|||2,06||
|C170|10|105200||2,00000|UN|124,48||0|000|5152||124,48|17,00|21,16|0||0|||||||01|124,48|0,65|||0,81|01|124,48|3,00|||3,73||
|C170|11|105300||3,00000|UN|70,38||0|000|5152||70,38|17,00|11,96|0||0|||||||01|70,38|0,65|||0,46|01|70,38|3,00|||2,11||
|C170|12|105301||2,00000|UN|71,96||0|000|5152||71,96|17,00|12,23|0||0|||||||01|71,96|0,65|||0,47|01|71,96|3,00|||2,16||
|C170|13|105400||6,00000|UN|42,42||0|000|5152||42,42|17,00|7,21|0||0|||||||01|42,42|0,65|||0,28|01|42,42|3,00|||1,27||
|C170|14|105401||4,00000|UN|76,60||0|000|5152||76,60|17,00|13,02|0||0|||||||01|76,60|0,65|||0,50|01|76,60|3,00|||2,30||
|C190|000|5152|17,00|1240,20|1240,20|210,83|0|0|0|0||
|C100|1|0|800008026|01|00|U|0068996||14042011|14042011|774,00|0|||774,00|9||||774,00|131,58||||||||
|C170|1|102071||2,00000|UN|126,00||0|000|5152||126,00|17,00|21,42|0||0|||||||01|126,00|0,65|||0,82|01|126,00|3,00|||3,78||
|C170|2|102072||1,00000|UN|72,00||0|000|5152||72,00|17,00|12,24|0||0|||||||01|72,00|0,65|||0,47|01|72,00|3,00|||2,16||
|C170|3|102080||1,00000|UN|54,00||0|000|5152||54,00|17,00|9,18|0||0|||||||01|54,00|0,65|||0,35|01|54,00|3,00|||1,62||
|C170|4|102200||1,00000|UN|63,00||0|000|5152||63,00|17,00|10,71|0||0|||||||01|63,00|0,65|||0,41|01|63,00|3,00|||1,89||
|C170|5|102300||1,00000|UN|58,50||0|000|5152||58,50|17,00|9,95|0||0|||||||01|58,50|0,65|||0,38|01|58,50|3,00|||1,76||
|C170|6|102402||1,00000|UN|72,00||0|000|5152||72,00|17,00|12,24|0||0|||||||01|72,00|0,65|||0,47|01|72,00|3,00|||2,16||
|C170|7|102500||1,00000|UN|58,50||0|000|5152||58,50|17,00|9,95|0||0|||||||01|58,50|0,65|||0,38|01|58,50|3,00|||1,76||
|C170|8|102800||1,00000|UN|72,00||0|000|5152||72,00|17,00|12,24|0||0|||||||01|72,00|0,65|||0,47|01|72,00|3,00|||2,16||
|C170|9|102801||1,00000|UN|63,00||0|000|5152||63,00|17,00|10,71|0||0|||||||01|63,00|0,65|||0,41|01|63,00|3,00|||1,89||
|C170|10|102804||1,00000|UN|58,50||0|000|5152||58,50|17,00|9,95|0||0|||||||01|58,50|0,65|||0,38|01|58,50|3,00|||1,76||
|C170|11|102900||1,00000|UN|76,50||0|000|5152||76,50|17,00|13,01|0||0|||||||01|76,50|0,65|||0,50|01|76,50|3,00|||2,30||
|C190|000|5152|17,00|774,00|774,00|131,58|0|0|0|0||
|C100|1|0|800008026|01|00|U|0068997||14042011|14042011|1220,35|0|||1220,35|9||||1220,35|207,46||||||||
|C170|1|104030||30,00000|UN|142,80||0|000|5152||142,80|17,00|24,28|0||0|||||||01|142,80|0,65|||0,93|01|142,80|3,00|||4,28||
|C170|2|104040||30,00000|UN|127,50||0|000|5152||127,50|17,00|21,68|0||0|||||||01|127,50|0,65|||0,83|01|127,50|3,00|||3,83||
|C170|3|104181||6,00000|UN|89,94||0|000|5152||89,94|17,00|15,29|0||0|||||||01|89,94|0,65|||0,58|01|89,94|3,00|||2,70||
|C170|4|104200||30,00000|UN|155,40||0|000|5152||155,40|17,00|26,42|0||0|||||||01|155,40|0,65|||1,01|01|155,40|3,00|||4,66||
|C170|5|104190||5,00000|UN|95,75||0|000|5152||95,75|17,00|16,28|0||0|||||||01|95,75|0,65|||0,62|01|95,75|3,00|||2,87||
|C170|6|104090||14,00000|UN|445,76||0|000|5152||445,76|17,00|75,78|0||0|||||||01|445,76|0,65|||2,90|01|445,76|3,00|||13,37||
|C170|7|104300||30,00000|UN|163,20||0|000|5152||163,20|17,00|27,74|0||0|||||||01|163,20|0,65|||1,06|01|163,20|3,00|||4,90||
|C190|000|5152|17,00|1220,35|1220,35|207,46|0|0|0|0||
|C100|1|0|800008026|01|00|U|0068935||01042011|01042011|287,00|0|||287,00|9||||287,00|48,79||||||||
|C170|1|060210||1,00000|UN|287,00||0|000|5152||287,00|17,00|48,79|0||0|||||||01|287,00|0,65|||1,87|01|287,00|3,00|||8,61||
|C190|000|5152|17,00|287,00|287,00|48,79|0|0|0|0||
|C100|1|0|800007088|01|00|U|0068942||04042011|04042011|2100,00|0|||2100,00|9||||0|0||||||||
|C170|1|050890||1,00000|UN|2100,00||0|041|5949|||||0||0|||||||99||||||99|||||||
|C190|041|5949||2100,00|0|0|0|0|0|0||
|C100|1|0|6263|01|00|U|0068934||01042011|01042011|399,00|0|||399,00|9||||0|0||||||||
|C170|1|100200||1,00000|UN|399,00||0|041|5949|||||0||0|||||||99||||||99|||||||
|C190|041|5949||399,00|0|0|0|0|0|0||
|C100|1|0|800007083|01|00|U|0069027||26042011|26042011|367,00|0|||367,00|9||||0|0||||||||
|C170|1|100210||1,00000|UN|367,00||0|041|5949|||||0||0|||||||99||||||99|||||||
|C190|041|5949||367,00|0|0|0|0|0|0||
|C100|1|0|800007045|01|00|U|0069022||20042011|20042011|405,00|0|||405,00|9||||0|0||||||||
|C170|1|050683||1,00000|UN|405,00||0|041|5949|||||0||0|||||||99||||||99|||||||
|C190|041|5949||405,00|0|0|0|0|0|0||
|C100|1|0|800007045|01|00|U|0069014||18042011|18042011|399,00|0|||399,00|9||||0|0||||||||
|C170|1|100200||1,00000|UN|399,00||0|041|5949|||||0||0|||||||99||||||99|||||||
|C190|041|5949||399,00|0|0|0|0|0|0||
|C100|1|0|800007089|01|00|U|0069039||28042011|28042011|384,00|0|||384,00|9||||0|0||||||||
|C170|1|100200||1,00000|UN|384,00||0|041|5949|||||0||0|||||||99||||||99|||||||
|C190|041|5949||384,00|0|0|0|0|0|0||
|C100|1|0|800007090|01|00|U|0068977||11042011|11042011|520,00|0|||520,00|9||||0|0||||||||
|C170|1|180243||1,00000|UN|520,00||0|041|5949|||||0||0|||||||99||||||99|||||||
|C190|041|5949||520,00|0|0|0|0|0|0||
|C100|1|0|800006994|01|00|U|0068943||05042011|05042011|705,50|0|||705,50|9||||0|0||||||||
|C170|1|270010||2,00000|UN|705,50||0|041|5915|||||0||0|||||||99||||||99|||||||
|C190|041|5915||705,50|0|0|0|0|0|0||
|C100|1|0|800006994|01|00|U|0068964||08042011|08042011|717,19|0|||717,19|9||||0|0||||||||
|C170|1|120020||2,00000|UN|109,36||0|041|5915|||||0||0|||||||99||||||99|||||||
|C170|2|120040||2,00000|UN|85,06||0|041|5915|||||0||0|||||||99||||||99|||||||
|C170|3|120130||2,00000|UN|60,76||0|041|5915|||||0||0|||||||99||||||99|||||||
|C170|4|120140||1,00000|UN|23,81||0|041|5915|||||0||0|||||||99||||||99|||||||
|C170|5|120120||1,00000|UN|155,98||0|041|5915|||||0||0|||||||99||||||99|||||||
|C170|6|120060||1,00000|UN|181,69||0|041|5915|||||0||0|||||||99||||||99|||||||
|C170|7|120150||3,00000|UN|100,53||0|041|5915|||||0||0|||||||99||||||99|||||||
|C190|041|5915||717,19|0|0|0|0|0|0||
|C100|1|0|800008035|01|00|U|0068989||13042011|13042011|399,00|0|||399,00|9||||0|0||||||||
|C170|1|100200||1,00000|UN|399,00||0|041|5949|||||0||0|||||||99||||||99|||||||
|C190|041|5949||399,00|0|0|0|0|0|0||
|C100|1|0|800008035|01|00|U|0068990||13042011|13042011|45,00|0|||45,00|9||||0|0||||||||
|C170|1|813560||1,00000|UN|45,00||0|041|5949|||||0||0|||||||99||||||99|||||||
|C190|041|5949||45,00|0|0|0|0|0|0||
|C100|1|0|800008036|01|00|U|0069016||18042011|18042011|450,00|0|||450,00|9||||0|0||||||||
|C170|1|250520||1,00000|UN|450,00||0|041|5949|||||0||0|||||||99||||||99|||||||
|C190|041|5949||450,00|0|0|0|0|0|0||
|C100|1|0|800008037|01|00|U|0068962||07042011|07042011|1129,00|0|||1129,00|9||||0|0||||||||
|C170|1|040173||1,00000|UN|1129,00||0|041|5949|||||0||0|||||||99||||||99|||||||
|C190|041|5949||1129,00|0|0|0|0|0|0||
|C100|1|0|800007094|01|00|U|0068976||11042011|11042011|769,00|0|||769,00|9||||0|0||||||||
|C170|1|040133||1,00000|UN|769,00||0|041|5949|||||0||0|||||||99||||||99|||||||
|C190|041|5949||769,00|0|0|0|0|0|0||
|C100|1|0|800008028|01|00|U|0069015||18042011|18042011|536,55|0|||515,92|9||||515,92|61,91||||||||
|C170|1|030433||1,00000|UN|515,92||0|000|6202||515,92|12,00|61,91|0||0|||||||01|515,92|0,65|||3,35|01|515,92|3,00|||15,48||
|C190|000|6202|12,00|536,55|515,92|61,91|0|0|0|0||
|C100|1|0|800006985|01|00|U|0068980||12042011|12042011|3607,66|0|||3137,10|9||||3137,10|219,60||||||||
|C170|1|050993||1,00000|UN|3137,10||0|000|6202||3137,10|7,00|219,60|0||0|||||||01|3137,10|0,65|||20,39|01|3137,10|3,00|||94,11||
|C190|000|6202|7,00|3607,66|3137,10|219,60|0|0|0|0||
|C100|1|0|800006985|01|00|U|0068981||12042011|12042011|1206,17|0|||1159,78|9||||1159,78|81,18||||||||
|C170|1|051220||2,00000|UN|1159,78||0|000|6202||1159,78|7,00|81,18|0||0|||||||01|1159,78|0,65|||7,54|01|1159,78|3,00|||34,79||
|C190|000|6202|7,00|1206,17|1159,78|81,18|0|0|0|0||
|C100|1|0|800006985|01|00|U|0068982||12042011|12042011|1466,56|0|||1396,73|9||||1396,73|97,77||||||||
|C170|1|051320||1,00000|UN|1396,73||0|000|6202||1396,73|7,00|97,77|0||0|||||||01|1396,73|0,65|||9,08|01|1396,73|3,00|||41,90||
|C190|000|6202|7,00|1466,56|1396,73|97,77|0|0|0|0||
|C100|1|0|800007079|01|00|U|0068999||14042011|14042011|8871,20|0|||8448,77|9||||8448,77|591,41||||||||
|C170|1|220393||6,00000|UN|8448,77||0|000|6202||8448,77|7,00|591,41|0||0|||||||01|8448,77|0,65|||54,92|01|8448,77|3,00|||253,46||
|C190|000|6202|7,00|8871,20|8448,77|591,41|0|0|0|0||
|C100|1|0|800007074|01|00|U|0068938||01042011|01042011|86,86|0|||78,97|9||||78,97|5,53||||||||
|C170|1|680010||1,00000|UN|11,32||0|000|6915||11,32|7,00|0,79|0||0|||||||99||||||99|||||||
|C170|2|680020||1,00000|UN|16,59||0|000|6915||16,59|7,00|1,16|0||0|||||||99||||||99|||||||
|C170|3|680970||1,00000|UN|14,74||0|000|6915||14,74|7,00|1,03|0||0|||||||99||||||99|||||||
|C170|4|680360||1,00000|UN|36,32||0|000|6915||36,32|7,00|2,54|0||0|||||||99||||||99|||||||
|C190|000|6915|7,00|86,86|78,97|5,53|0|0|0|0||
|C100|0|1|800007080|01|00|1|0010221||11042011|30042011|462,00|0|||385,00|1|38,50|||399,00|27,93||||||||
|C170|1|810281||2,00000|UN|385,00||0|000|2102||399,00|7,00|27,93|0||0|||||||01|385,00||||0|01|385,00||||0||
|C190|000|2102|7,00|462,00|399,00|27,93|0|0|0|0||
|C100|0|1|800008026|01|00|1|0008550||26042011|26042011|239,31|0|||239,31|9||||239,31|40,68||||||||
|C170|1|180203||1,00000|UN|239,31||0|000|1152||239,31|17,00|40,68|0||0||||||||||||||||||||
|C190|000|1152|17,00|239,31|239,31|40,68|0|0|0|0||
|C100|0|1|800008026|01|00|1|0008553||28042011|28042011|155,98|0|||155,98|9||||155,98|26,52||||||||
|C170|1|120120||1,00000|UN|155,98||0|000|1152||155,98|17,00|26,52|0||0||||||||||||||||||||
|C190|000|1152|17,00|155,98|155,98|26,52|0|0|0|0||
|C100|0|1|800008026|01|00|1|0008557||30042011|30042011|187,05|0|||187,05|9||||187,05|31,80||||||||
|C170|1|100013||1,00000|UN|187,05||0|000|1152||187,05|17,00|31,80|0||0||||||||||||||||||||
|C190|000|1152|17,00|187,05|187,05|31,80|0|0|0|0||
|C100|0|1|800007079|55|00|20|000112080|35110476487032004384550200001120801231156144|01042011|14042011|40397,13|1|||35952,49|1||||35952,49|2516,67||||||||
|C170|1|220393||10,00000|PC|14081,29||0|000|2102||14081,29|7,00|985,69|0||0||||||||||||||||||||
|C170|2|220393||3,00000|PC|4224,39||0|000|2102||4224,39|7,00|295,71|0||0||||||||||||||||||||
|C170|3|220133||20,00000|PC|17646,81||0|000|2102||17646,81|7,00|1235,28|0||0||||||||||||||||||||
|C190|000|2102|7,00|40397,13|35952,49|2516,67|0|0|0|0||
|C100|0|1|2485|55|00|0|000105983|23110424073694000589550000001059831757922369|07042011|08042011|8140,00|0|||8140,00|1||||8140,00|1383,80||||||||
|C170|1|270010||20,00000|UN|8140,00||0|000|1102||8140,00|17,00|1383,80|0||0||||||||||||||||||||
|C190|000|1102|17,00|8140,00|8140,00|1383,80|0|0|0|0||
|C100|0|1|800006991|55|00|1|000115387|13110363699839000180550010001153871339453810|12032011|11042011|9933,30|1|||9328,38|1|604,92|||9933,30|1192,00||||||||
|C170|1|040520||10,00000|PC|3738,60||0|000|2102||3902,00|12,00|468,24|0||0||||||||||||||||||||
|C170|2|040520||10,00000|PC|4444,20||0|000|2102||4784,90|12,00|574,19|0||0||||||||||||||||||||
|C170|3|040520||2,00000|PC|523,40||0|000|2102||556,08|12,00|66,73|0||0||||||||||||||||||||
|C170|4|040520||2,00000|PC|622,18||0|000|2102||690,32|12,00|82,84|0||0||||||||||||||||||||
|C190|000|2102|12,00|9933,30|9933,30|1192,00|0|0|0|0||
|C100|0|1|800006991|55|00|1|000115753|13110363699839000180550010001157531919618516|15032011|11042011|3026,22|1|||2906,34|1|119,88|||3026,22|363,15||||||||
|C170|1|040470||10,00000|PC|2549,40||0|000|2102||2649,30|12,00|317,92|0||0||||||||||||||||||||
|C170|2|040470||2,00000|PC|356,94||0|000|2102||376,92|12,00|45,23|0||0||||||||||||||||||||
|C190|000|2102|12,00|3026,22|3026,22|363,15|0|0|0|0||
|C100|0|1|800006974|55|00|1|000169813|23110302948030000230550010001698130011698137|31032011|11042011|1688,45|1|||1534,95|1||||1534,95|260,94||||||||
|C170|1|100160||5,00000|UD|1534,95||0|000|1102||1534,95|17,00|260,94|0||0||||||||||||||||||||
|C190|000|1102|17,00|1688,45|1534,95|260,94|0|0|0|0||
|C100|0|1|800006974|55|00|1|000169814|23110302948030000230550010001698140011698142|31032011|11042011|3376,89|1|||3069,90|1||||3069,90|521,88||||||||
|C170|1|100160||10,00000|UD|3069,90||0|000|1102||3069,90|17,00|521,88|0||0||||||||||||||||||||
|C190|000|1102|17,00|3376,89|3069,90|521,88|0|0|0|0||
|C100|0|1|800006986|55|00|1|000506898|42110359105999003959550010005068981184199311|25032011|11042011|8114,63|1|||7056,20|1||||7056,20|493,93||||||||
|C170|1|040103||10,00000|PC|7056,20||0|000|2102||7056,20|7,00|493,93|0||0||||||||||||||||||||
|C190|000|2102|7,00|8114,63|7056,20|493,93|0|0|0|0||
|C100|0|1|800006985|55|00|1|000314001|35110360736279001250550010003140011408799382|30032011|12042011|3015,43|1|||2706,75|1|192,70|||2899,45|202,96||||||||
|C170|1|051220||5,00000|PEC|2706,75||0|000|2102||2899,45|7,00|202,96|0||0||||||||||||||||||||
|C190|000|2102|7,00|3015,43|2899,45|202,96|0|0|0|0||
|C100|0|1|800006985|55|00|1|000314002|35110360736279001250550010003140021607312731|30032011|10042011|4417,44|1|||3770,00|1|71,25|||3841,25|268,89||||||||
|C170|1|050970||5,00000|PEC|3770,00||0|000|2102||3841,25|7,00|268,89|0||0||||||||||||||||||||
|C190|000|2102|7,00|4417,44|3841,25|268,89|0|0|0|0||
|C100|0|1|800006985|55|00|1|000314004|35110360736279001250550010003140041961826748|30032011|12042011|7332,83|1|||6670,00|1|313,65|||6983,65|488,86||||||||
|C170|1|051320||5,00000|PEC|6670,00||0|000|2102||6983,65|7,00|488,86|0||0||||||||||||||||||||
|C190|000|2102|7,00|7332,83|6983,65|488,86|0|0|0|0||
|C100|0|1|800007075|55|00|7|000042650|31110461086336014406550070000426501971806284|14042011|30042011|1619,51|1|||1472,28|1||||1472,28|103,06||||||||
|C170|1|330130||12,00000|PC|1472,28||0|000|2102||1472,28|7,00|103,06|0||0||||||||||||||||||||
|C190|000|2102|7,00|1619,51|1472,28|103,06|0|0|0|0||
|C100|0|1|800006991|55|00|1|000118907|13110463699839000180550010001189071769248110|06042011|30042011|2917,20|1|||2851,84|1|65,36|||2917,20|350,06||||||||
|C170|1|040290||4,00000|PC|2851,84||0|000|2102||2917,20|12,00|350,06|0||0||||||||||||||||||||
|C190|000|2102|12,00|2917,20|2917,20|350,06|0|0|0|0||
|C100|0|1|800006991|55|00|1|000116482|13110363699839000180550010001164821353522258|19032011|30042011|5416,25|1|||5245,90|1|170,35|||5416,25|649,95||||||||
|C170|1|040340||5,00000|PC|5245,90||0|000|2102||5416,25|12,00|649,95|0||0||||||||||||||||||||
|C190|000|2102|12,00|5416,25|5416,25|649,95|0|0|0|0||
|C100|0|1|800006991|55|00|1|000117243|13110363699839000180550010001172431914586484|23032011|30042011|9479,70|1|||9139,00|1|340,70|||9479,70|1137,56||||||||
|C170|1|040280||10,00000|PC|9139,00||0|000|2102||9479,70|12,00|1137,56|0||0||||||||||||||||||||
|C190|000|2102|12,00|9479,70|9479,70|1137,56|0|0|0|0||
|C100|0|1|800008038|55|00|1|000000417|35110305409526000143550010000004172574983579|31032011|15042011|1356,30|1|||1233,00|1||||1233,00|86,31||||||||
|C170|1|F2144||10,00000|UN|711,00||0|000|2102||711,00|7,00|49,77|0||0||||||||||||||||||||
|C170|2|940460||4,00000|UN|522,00||0|000|2102||522,00|7,00|36,54|0||0||||||||||||||||||||
|C190|000|2102|7,00|1356,30|1233,00|86,31|0|0|0|0||
|C100|0|1|800006996|55|00|1|000009969|35110402169801000100550010000099691748332863|07042011|30042011|1010,86|1|||887,22|1||||887,22|62,11||||||||
|C170|1|521120||3,00000|PC|66,15||0|000|2102||66,15|7,00|4,63|0||0||||||||||||||||||||
|C170|2|521120||3,00000|PC|66,15||0|000|2102||66,15|7,00|4,63|0||0||||||||||||||||||||
|C170|3|521130||2,00000|JG|189,00||0|000|2102||189,00|7,00|13,23|0||0||||||||||||||||||||
|C170|4|610230||4,00000|PC|43,20||0|000|2102||43,20|7,00|3,02|0||0||||||||||||||||||||
|C170|5|521150||6,00000|PC|29,70||0|000|2102||29,70|7,00|2,08|0||0||||||||||||||||||||
|C170|6|521150||6,00000|PC|29,70||0|000|2102||29,70|7,00|2,08|0||0||||||||||||||||||||
|C170|7|521160||6,00000|PC|23,76||0|000|2102||23,76|7,00|1,66|0||0||||||||||||||||||||
|C170|8|521150||6,00000|PC|29,70||0|000|2102||29,70|7,00|2,08|0||0||||||||||||||||||||
|C170|9|521150||6,00000|PC|29,70||0|000|2102||29,70|7,00|2,08|0||0||||||||||||||||||||
|C170|10|521160||6,00000|PC|23,76||0|000|2102||23,76|7,00|1,66|0||0||||||||||||||||||||
|C170|11|521170||2,00000|JG|178,20||0|000|2102||178,20|7,00|12,47|0||0||||||||||||||||||||
|C170|12|521170||2,00000|JG|178,20||0|000|2102||178,20|7,00|12,47|0||0||||||||||||||||||||
|C190|000|2102|7,00|1010,86|887,22|62,11|0|0|0|0||
|C100|0|1|800007076|55|00|1|000003527|35110464095946000161550010000035271625982111|07042011|30042011|3572,37|1|||3190,52|1||||3190,52|223,34||||||||
|C170|1|841090||2,00000|PC|23,72||0|000|2102||23,72|7,00|1,66|0||0||||||||||||||||||||
|C170|2|841090||2,00000|PC|23,72||0|000|2102||23,72|7,00|1,66|0||0||||||||||||||||||||
|C170|3|841091||2,00000|PC|14,48||0|000|2102||14,48|7,00|1,01|0||0||||||||||||||||||||
|C170|4|841091||2,00000|PC|14,48||0|000|2102||14,48|7,00|1,01|0||0||||||||||||||||||||
|C170|5|841092||2,00000|PC|19,88||0|000|2102||19,88|7,00|1,39|0||0||||||||||||||||||||
|C170|6|841092||2,00000|PC|19,88||0|000|2102||19,88|7,00|1,39|0||0||||||||||||||||||||
|C170|7|841093||2,00000|PC|53,88||0|000|2102||53,88|7,00|3,77|0||0||||||||||||||||||||
|C170|8|841093||2,00000|PC|53,88||0|000|2102||53,88|7,00|3,77|0||0||||||||||||||||||||
|C170|9|841094||2,00000|PC|46,40||0|000|2102||46,40|7,00|3,25|0||0||||||||||||||||||||
|C170|10|840351||6,00000|CJ|86,40||0|000|2102||86,40|7,00|6,05|0||0||||||||||||||||||||
|C170|11|840352||4,00000|PC|97,20||0|000|2102||97,20|7,00|6,80|0||0||||||||||||||||||||
|C170|12|00034009||4,00000|CJ|86,00||0|000|2102||86,00|7,00|6,02|0||0||||||||||||||||||||
|C170|13|840081||2,00000|UN|21,08||0|000|2102||21,08|7,00|1,48|0||0||||||||||||||||||||
|C170|14|840840||4,00000|PC|93,04||0|000|2102||93,04|7,00|6,51|0||0||||||||||||||||||||
|C170|15|840441||4,00000|UN|84,92||0|000|2102||84,92|7,00|5,94|0||0||||||||||||||||||||
|C170|16|840442||4,00000|UN|58,80||0|000|2102||58,80|7,00|4,12|0||0||||||||||||||||||||
|C170|17|840870||6,00000|CJ|29,16||0|000|2102||29,16|7,00|2,04|0||0||||||||||||||||||||
|C170|18|840432||4,00000|PC|104,88||0|000|2102||104,88|7,00|7,34|0||0||||||||||||||||||||
|C170|19|840431||4,00000|PC|106,48||0|000|2102||106,48|7,00|7,45|0||0||||||||||||||||||||
|C170|20|840491||4,00000|PC|115,72||0|000|2102||115,72|7,00|8,10|0||0||||||||||||||||||||
|C170|21|840433||4,00000|PC|117,32||0|000|2102||117,32|7,00|8,21|0||0||||||||||||||||||||
|C170|22|840741||6,00000|PC|56,40||0|000|2102||56,40|7,00|3,95|0||0||||||||||||||||||||
|C170|23|00042037||2,00000|UN|41,60||0|000|2102||41,60|7,00|2,91|0||0||||||||||||||||||||
|C170|24|840471||2,00000|UN|66,16||0|000|2102||66,16|7,00|4,63|0||0||||||||||||||||||||
|C170|25|840421||4,00000|PC|42,04||0|000|2102||42,04|7,00|2,94|0||0||||||||||||||||||||
|C170|26|840422||4,00000|PC|55,36||0|000|2102||55,36|7,00|3,88|0||0||||||||||||||||||||
|C170|27|840423||4,00000|PC|105,12||0|000|2102||105,12|7,00|7,36|0||0||||||||||||||||||||
|C170|28|840631||4,00000|PC|44,56||0|000|2102||44,56|7,00|3,12|0||0||||||||||||||||||||
|C170|29|840821||4,00000|PC|83,76||0|000|2102||83,76|7,00|5,86|0||0||||||||||||||||||||
|C170|30|00074057||4,00000|PC|102,08||0|000|2102||102,08|7,00|7,15|0||0||||||||||||||||||||
|C170|31|840800||4,00000|CJ|69,32||0|000|2102||69,32|7,00|4,85|0||0||||||||||||||||||||
|C170|32|00074084||4,00000|UN|102,08||0|000|2102||102,08|7,00|7,15|0||0||||||||||||||||||||
|C170|33|00074092||4,00000|UN|122,48||0|000|2102||122,48|7,00|8,57|0||0||||||||||||||||||||
|C170|34|00074107||4,00000|PC|120,16||0|000|2102||120,16|7,00|8,41|0||0||||||||||||||||||||
|C170|35|00074135||4,00000|PC|122,48||0|000|2102||122,48|7,00|8,57|0||0||||||||||||||||||||
|C170|36|00074140||4,00000|PC|108,40||0|000|2102||108,40|7,00|7,59|0||0||||||||||||||||||||
|C170|37|840951||4,00000|CJ|51,56||0|000|2102||51,56|7,00|3,61|0||0||||||||||||||||||||
|C170|38|840981||4,00000|UN|201,20||0|000|2102||201,20|7,00|14,08|0||0||||||||||||||||||||
|C170|39|840771||4,00000|UN|93,28||0|000|2102||93,28|7,00|6,53|0||0||||||||||||||||||||
|C170|40|841100||4,00000|PC|6,52||0|000|2102||6,52|7,00|0,46|0||0||||||||||||||||||||
|C170|41|841101||2,00000|PC|6,84||0|000|2102||6,84|7,00|0,48|0||0||||||||||||||||||||
|C170|42|841102||4,00000|PC|18,28||0|000|2102||18,28|7,00|1,28|0||0||||||||||||||||||||
|C170|43|841103||4,00000|PC|28,72||0|000|2102||28,72|7,00|2,01|0||0||||||||||||||||||||
|C170|44|841104||4,00000|PC|37,52||0|000|2102||37,52|7,00|2,63|0||0||||||||||||||||||||
|C170|45|841105||4,00000|PC|13,04||0|000|2102||13,04|7,00|0,91|0||0||||||||||||||||||||
|C170|46|841106||4,00000|PC|24,48||0|000|2102||24,48|7,00|1,71|0||0||||||||||||||||||||
|C170|47|841107||4,00000|PC|33,92||0|000|2102||33,92|7,00|2,37|0||0||||||||||||||||||||
|C170|48|840541||4,00000|PC|45,68||0|000|2102||45,68|7,00|3,20|0||0||||||||||||||||||||
|C170|49|841108||4,00000|PC|14,68||0|000|2102||14,68|7,00|1,03|0||0||||||||||||||||||||
|C170|50|841109||4,00000|PC|19,92||0|000|2102||19,92|7,00|1,39|0||0||||||||||||||||||||
|C170|51|841110||4,00000|PC|35,24||0|000|2102||35,24|7,00|2,47|0||0||||||||||||||||||||
|C170|52|840761||4,00000|PC|46,32||0|000|2102||46,32|7,00|3,24|0||0||||||||||||||||||||
|C190|000|2102|7,00|3572,37|3190,52|223,34|0|0|0|0||
|C100|0|1|800007074|55|00|1|000021770|35110403449322000100550010000217701040902995|08042011|30042011|86,86|9|||78,97|1||||78,97|5,53||||||||
|C170|1|680020||1,00000|PC|16,59||0|000|2102||16,59|7,00|1,16|0||0||||||||||||||||||||
|C170|2|680470||1,00000|PC|11,32||0|000|2102||11,32|7,00|0,79|0||0||||||||||||||||||||
|C170|3|680970||1,00000|UN|14,74||0|000|2102||14,74|7,00|1,03|0||0||||||||||||||||||||
|C170|4|680360||1,00000|UN|36,32||0|000|2102||36,32|7,00|2,54|0||0||||||||||||||||||||
|C190|000|2102|7,00|86,86|78,97|5,53|0|0|0|0||
|C100|0|1|800007074|55|00|1|000021769|35110403449322000100550010000217691210900202|08042011|30042011|2222,77|1|||2020,70|1||||2020,70|141,45||||||||
|C170|1|680930||4,00000|PC|205,20||0|000|2102||205,20|7,00|14,36|0||0||||||||||||||||||||
|C170|2|680500||4,00000|PC|89,88||0|000|2102||89,88|7,00|6,29|0||0||||||||||||||||||||
|C170|3|680501||6,00000|PC|91,38||0|000|2102||91,38|7,00|6,40|0||0||||||||||||||||||||
|C170|4|680281||4,00000|PC|77,56||0|000|2102||77,56|7,00|5,43|0||0||||||||||||||||||||
|C170|5|680281||8,00000|PC|106,48||0|000|2102||106,48|7,00|7,45|0||0||||||||||||||||||||
|C170|6|680940||4,00000|PC|95,52||0|000|2102||95,52|7,00|6,69|0||0||||||||||||||||||||
|C170|7|680920||12,00000|PC|69,72||0|000|2102||69,72|7,00|4,88|0||0||||||||||||||||||||
|C170|8|680820||4,00000|PC|81,00||0|000|2102||81,00|7,00|5,67|0||0||||||||||||||||||||
|C170|9|680830||4,00000|PC|135,60||0|000|2102||135,60|7,00|9,49|0||0||||||||||||||||||||
|C170|10|680390||6,00000|PC|203,40||0|000|2102||203,40|7,00|14,24|0||0||||||||||||||||||||
|C170|11|680640||4,00000|PC|147,64||0|000|2102||147,64|7,00|10,33|0||0||||||||||||||||||||
|C170|12|680360||4,00000|UN|162,72||0|000|2102||162,72|7,00|11,39|0||0||||||||||||||||||||
|C170|13|680030||6,00000|PC|92,22||0|000|2102||92,22|7,00|6,46|0||0||||||||||||||||||||
|C170|14|680620||4,00000|PC|81,00||0|000|2102||81,00|7,00|5,67|0||0||||||||||||||||||||
|C170|15|2651.C .51-1||2,00000|PC|184,38||0|000|2102||184,38|7,00|12,91|0||0||||||||||||||||||||
|C170|16|2650.C .51-9||2,00000|PC|156,12||0|000|2102||156,12|7,00|10,93|0||0||||||||||||||||||||
|C170|17|680721||4,00000|PC|40,88||0|000|2102||40,88|7,00|2,86|0||0||||||||||||||||||||
|C190|000|2102|7,00|2222,77|2020,70|141,45|0|0|0|0||
|C100|0|1|800007080|55|00|1|000010102|35110401468951000152550010000101021003237341|08042011|30042011|8130,75|1|||7306,71|1||||7306,71|511,47||||||||
|C170|1|811580||12,00000|PC|37,56||0|000|2102||37,56|7,00|2,63|0||0||||||||||||||||||||
|C170|2|811590||12,00000|PC|37,56||0|000|2102||37,56|7,00|2,63|0||0||||||||||||||||||||
|C170|3|810331||4,00000|PC|130,24||0|000|2102||130,24|7,00|9,12|0||0||||||||||||||||||||
|C170|4|BA045||6,00000|JG|137,28||0|000|2102||137,28|7,00|9,61|0||0||||||||||||||||||||
|C170|5|BA047||6,00000|JG|137,28||0|000|2102||137,28|7,00|9,61|0||0||||||||||||||||||||
|C170|6|810521||4,00000|PC|64,00||0|000|2102||64,00|7,00|4,48|0||0||||||||||||||||||||
|C170|7|810522||4,00000|PC|127,68||0|000|2102||127,68|7,00|8,94|0||0||||||||||||||||||||
|C170|8|810523||4,00000|PC|159,68||0|000|2102||159,68|7,00|11,18|0||0||||||||||||||||||||
|C170|9|DD1056O||2,00000|PC|41,60||0|000|2102||41,60|7,00|2,91|0||0||||||||||||||||||||
|C170|10|DD1056R||2,00000|PC|41,60||0|000|2102||41,60|7,00|2,91|0||0||||||||||||||||||||
|C170|11|DD1056y||2,00000|PC|41,60||0|000|2102||41,60|7,00|2,91|0||0||||||||||||||||||||
|C170|12|810391||6,00000|PC|73,38||0|000|2102||73,38|7,00|5,14|0||0||||||||||||||||||||
|C170|13|810391||6,00000|PC|73,38||0|000|2102||73,38|7,00|5,14|0||0||||||||||||||||||||
|C170|14|810391||6,00000|PC|73,38||0|000|2102||73,38|7,00|5,14|0||0||||||||||||||||||||
|C170|15|813550||6,00000|PC|98,46||0|000|2102||98,46|7,00|6,89|0||0||||||||||||||||||||
|C170|16|813550||6,00000|PC|98,46||0|000|2102||98,46|7,00|6,89|0||0||||||||||||||||||||
|C170|17|813570||8,00000|PC|232,48||0|000|2102||232,48|7,00|16,27|0||0||||||||||||||||||||
|C170|18|813560||4,00000|PC|72,44||0|000|2102||72,44|7,00|5,07|0||0||||||||||||||||||||
|C170|19|813560||4,00000|PC|72,44||0|000|2102||72,44|7,00|5,07|0||0||||||||||||||||||||
|C170|20|813561||2,00000|PC|39,00||0|000|2102||39,00|7,00|2,73|0||0||||||||||||||||||||
|C170|21|813561||4,00000|PC|78,00||0|000|2102||78,00|7,00|5,46|0||0||||||||||||||||||||
|C170|22|812910||6,00000|JG|95,88||0|000|2102||95,88|7,00|6,71|0||0||||||||||||||||||||
|C170|23|812910||6,00000|JG|95,88||0|000|2102||95,88|7,00|6,71|0||0||||||||||||||||||||
|C170|24|812910||6,00000|JG|95,88||0|000|2102||95,88|7,00|6,71|0||0||||||||||||||||||||
|C170|25|810351||1,00000|CX|140,80||0|000|2102||140,80|7,00|9,86|0||0||||||||||||||||||||
|C170|26|810520||12,00000|PC|97,20||0|000|2102||97,20|7,00|6,80|0||0||||||||||||||||||||
|C170|27|811700||1,00000|JG|210,79||0|000|2102||210,79|7,00|14,76|0||0||||||||||||||||||||
|C170|28|812270||1,00000|JG|210,79||0|000|2102||210,79|7,00|14,76|0||0||||||||||||||||||||
|C170|29|812040||1,00000|JG|445,87||0|000|2102||445,87|7,00|31,21|0||0||||||||||||||||||||
|C170|30|813440||1,00000|CX|176,00||0|000|2102||176,00|7,00|12,32|0||0||||||||||||||||||||
|C170|31|813500||2,00000|JG|68,64||0|000|2102||68,64|7,00|4,80|0||0||||||||||||||||||||
|C170|32|GL380||4,00000|PC|86,04||0|000|2102||86,04|7,00|6,02|0||0||||||||||||||||||||
|C170|33|GL387||6,00000|PC|138,66||0|000|2102||138,66|7,00|9,71|0||0||||||||||||||||||||
|C170|34|810352||6,00000|PC|42,72||0|000|2102||42,72|7,00|2,99|0||0||||||||||||||||||||
|C170|35|810292||12,00000|CX|486,48||0|000|2102||486,48|7,00|34,05|0||0||||||||||||||||||||
|C170|36|810291||2,00000|CX|79,20||0|000|2102||79,20|7,00|5,54|0||0||||||||||||||||||||
|C170|37|810561||4,00000|PC|56,32||0|000|2102||56,32|7,00|3,94|0||0||||||||||||||||||||
|C170|38|810381||4,00000|PC|92,08||0|000|2102||92,08|7,00|6,45|0||0||||||||||||||||||||
|C170|39|810382||4,00000|PC|91,20||0|000|2102||91,20|7,00|6,38|0||0||||||||||||||||||||
|C170|40|810382||4,00000|PC|91,20||0|000|2102||91,20|7,00|6,38|0||0||||||||||||||||||||
|C170|41|810382||4,00000|PC|91,20||0|000|2102||91,20|7,00|6,38|0||0||||||||||||||||||||
|C170|42|810382||4,00000|PC|91,20||0|000|2102||91,20|7,00|6,38|0||0||||||||||||||||||||
|C170|43|810341||12,00000|PC|58,08||0|000|2102||58,08|7,00|4,07|0||0||||||||||||||||||||
|C170|44|810562||4,00000|PC|64,00||0|000|2102||64,00|7,00|4,48|0||0||||||||||||||||||||
|C170|45|810571||4,00000|PC|160,00||0|000|2102||160,00|7,00|11,20|0||0||||||||||||||||||||
|C170|46|RH343C||4,00000|PC|60,80||0|000|2102||60,80|7,00|4,26|0||0||||||||||||||||||||
|C170|47|RH343E||4,00000|PC|60,80||0|000|2102||60,80|7,00|4,26|0||0||||||||||||||||||||
|C170|48|810392||6,00000|PC|186,66||0|000|2102||186,66|7,00|13,07|0||0||||||||||||||||||||
|C170|49|810393||4,00000|PC|391,12||0|000|2102||391,12|7,00|27,38|0||0||||||||||||||||||||
|C170|50|813660||2,00000|PC|52,80||0|000|2102||52,80|7,00|3,70|0||0||||||||||||||||||||
|C170|51|813660||2,00000|PC|52,80||0|000|2102||52,80|7,00|3,70|0||0||||||||||||||||||||
|C170|52|813660||2,00000|PC|52,80||0|000|2102||52,80|7,00|3,70|0||0||||||||||||||||||||
|C170|53|813660||2,00000|PC|52,80||0|000|2102||52,80|7,00|3,70|0||0||||||||||||||||||||
|C170|54|813661||2,00000|PC|35,20||0|000|2102||35,20|7,00|2,46|0||0||||||||||||||||||||
|C170|55|813230||2,00000|CX|68,12||0|000|2102||68,12|7,00|4,77|0||0||||||||||||||||||||
|C170|56|813371||24,00000|PC|54,96||0|000|2102||54,96|7,00|3,85|0||0||||||||||||||||||||
|C170|57|813360||24,00000|PC|95,04||0|000|2102||95,04|7,00|6,65|0||0||||||||||||||||||||
|C170|58|813370||12,00000|PC|89,76||0|000|2102||89,76|7,00|6,28|0||0||||||||||||||||||||
|C170|59|813371||24,00000|PC|54,96||0|000|2102||54,96|7,00|3,85|0||0||||||||||||||||||||
|C170|60|813360||24,00000|PC|95,04||0|000|2102||95,04|7,00|6,65|0||0||||||||||||||||||||
|C170|61|813370||12,00000|PC|89,76||0|000|2102||89,76|7,00|6,28|0||0||||||||||||||||||||
|C170|62|813371||24,00000|PC|54,96||0|000|2102||54,96|7,00|3,85|0||0||||||||||||||||||||
|C170|63|813360||24,00000|PC|95,04||0|000|2102||95,04|7,00|6,65|0||0||||||||||||||||||||
|C170|64|813370||12,00000|PC|89,76||0|000|2102||89,76|7,00|6,28|0||0||||||||||||||||||||
|C170|65|812140||4,00000|PC|39,08||0|000|2102||39,08|7,00|2,74|0||0||||||||||||||||||||
|C170|66|810421||12,00000|PC|26,40||0|000|2102||26,40|7,00|1,85|0||0||||||||||||||||||||
|C170|67|810422||8,00000|PC|60,80||0|000|2102||60,80|7,00|4,26|0||0||||||||||||||||||||
|C170|68|813663||2,00000|PC|101,90||0|000|2102||101,90|7,00|7,13|0||0||||||||||||||||||||
|C170|69|813664||2,00000|PC|54,92||0|000|2102||54,92|7,00|3,84|0||0||||||||||||||||||||
|C170|70|813663||2,00000|PC|101,90||0|000|2102||101,90|7,00|7,13|0||0||||||||||||||||||||
|C170|71|813664||2,00000|PC|54,92||0|000|2102||54,92|7,00|3,84|0||0||||||||||||||||||||
|C190|000|2102|7,00|8130,75|7306,71|511,47|0|0|0|0||
|C100|0|1|800007042|55|00|2|000154350|42110482984287000104550020001543501005158686|05042011|25042011|14266,21|1|||12782,84|1||||12782,84|894,80||||||||
|C170|1|4513||16,00000|UN|1006,24||0|000|2102||1006,24|7,00|70,44|0||0||||||||||||||||||||
|C170|2|4665||8,00000|UN|372,00||0|000|2102||372,00|7,00|26,04|0||0||||||||||||||||||||
|C170|3|950450||5,00000|UN|1745,00||0|000|2102||1745,00|7,00|122,15|0||0||||||||||||||||||||
|C170|4|4720||5,00000|UN|1084,00||0|000|2102||1084,00|7,00|75,88|0||0||||||||||||||||||||
|C170|5|950360||10,00000|UN|2594,00||0|000|2102||2594,00|7,00|181,58|0||0||||||||||||||||||||
|C170|6|950390||5,00000|UN|2271,60||0|000|2102||2271,60|7,00|159,01|0||0||||||||||||||||||||
|C170|7|950510||2,00000|UN|1030,00||0|000|2102||1030,00|7,00|72,10|0||0||||||||||||||||||||
|C170|8|950460||5,00000|UN|2680,00||0|000|2102||2680,00|7,00|187,60|0||0||||||||||||||||||||
|C190|000|2102|7,00|14266,21|12782,84|894,80|0|0|0|0||
|C100|0|1|800006974|55|00|1|000174043|23110402948030000230550010001740431011740433|14042011|14042011|3806,19|1|||3659,80|1||||3659,80|622,17||||||||
|C170|1|100030||10,00000|UD|3659,80||0|000|1102||3659,80|17,00|622,17|0||0||||||||||||||||||||
|C190|000|1102|17,00|3806,19|3659,80|622,17|0|0|0|0||
|C100|0|1|800006974|55|00|1|000175923|23110402948030000230550010001759231011759232|20042011|20042011|3255,51|1|||3130,30|1||||3130,30|532,15||||||||
|C170|1|100053||10,00000|UD|3130,30||0|000|1102||3130,30|17,00|532,15|0||0||||||||||||||||||||
|C190|000|1102|17,00|3255,51|3130,30|532,15|0|0|0|0||
|C100|0|1|800006974|55|00|1|000175924|23110402948030000230550010001759241011759248|20042011|30042011|3255,51|1|||3130,30|1||||3130,30|532,15||||||||
|C170|1|100053||10,00000|UD|3130,30||0|000|1102||3130,30|17,00|532,15|0||0||||||||||||||||||||
|C190|000|1102|17,00|3255,51|3130,30|532,15|0|0|0|0||
|C100|0|1|800007079|55|00|20|000116077|35110476487032004384550200001160771224329180|18042011|30042011|26511,01|1|||25248,58|1||||25248,58|1767,40||||||||
|C170|1|220403||5,00000|PC|5534,52||0|000|2102||5534,52|7,00|387,42|0||0||||||||||||||||||||
|C170|2|220403||3,00000|PC|2846,29||0|000|2102||2846,29|7,00|199,24|0||0||||||||||||||||||||
|C170|3|220413||5,00000|PC|5785,54||0|000|2102||5785,54|7,00|404,99|0||0||||||||||||||||||||
|C170|4|220413||3,00000|PC|2974,29||0|000|2102||2974,29|7,00|208,20|0||0||||||||||||||||||||
|C170|5|220370||5,00000|PC|5358,33||0|000|2102||5358,33|7,00|375,08|0||0||||||||||||||||||||
|C170|6|220370||3,00000|PC|2749,61||0|000|2102||2749,61|7,00|192,47|0||0||||||||||||||||||||
|C190|000|2102|7,00|26511,01|25248,58|1767,40|0|0|0|0||
|C100|0|1|800007077|55|00|2|000011704|35110343854116006484550020000117041001447586|31032011|26042011|11731,80|0|||11731,80|9||||11731,80|821,23||||||||
|C170|1|200040||10,00000|PC|11731,80||0|000|2923||11731,80|7,00|821,23|0||0||||||||||||||||||||
|C190|000|2923|7,00|11731,80|11731,80|821,23|0|0|0|0||
|C100|0|1|800007078|55|00|37|000022681|13110361086336001851550370000226811065749219|31032011|26042011|11731,80|1|||11731,80|1||||0|0||||||||
|C170|1|200040||10,00000|PC|11731,80||0|041|2102|||||0||0||||||||||||||||||||
|C190|041|2102||11731,80|0|0|0|0|0|0||
|C100|0|1|800007077|55|00|2|000012320|35110443854116006484550020000123201001546533|09042011|28042011|8430,00|9|||8430,00|9||||8430,00|590,10||||||||
|C170|1|200390||10,00000|PC|3180,00||0|000|2923||3180,00|7,00|222,60|0||0||||||||||||||||||||
|C170|2|200520||50,00000|PC|5250,00||0|000|2923||5250,00|7,00|367,50|0||0||||||||||||||||||||
|C190|000|2923|7,00|8430,00|8430,00|590,10|0|0|0|0||
|C100|0|1|800007078|55|00|37|000022958|13110461086336001851550370000229581844677975|08042011|28042011|8430,00|1|||8430,00|1||||0|0||||||||
|C170|1|200390||10,00000|PC|3180,00||0|041|2102|||||0||0||||||||||||||||||||
|C170|2|200520||50,00000|PC|5250,00||0|041|2102|||||0||0||||||||||||||||||||
|C190|041|2102||8430,00|0|0|0|0|0|0||
|C100|0|1|800007077|55|00|2|000011611|35110343854116006484550020000116111001446210|30032011|15042011|4231,40|9|||4231,40|9||||4231,40|296,20||||||||
|C170|1|200370||20,00000|PC|4231,40||0|000|2923||4231,40|7,00|296,20|0||0||||||||||||||||||||
|C190|000|2923|7,00|4231,40|4231,40|296,20|0|0|0|0||
|C100|0|1|800007078|55|00|37|000022626|13110361086336001851550370000226261700601897|30032011|15042011|4231,40|1|||4231,40|1||||0|0||||||||
|C170|1|200370||20,00000|PC|4231,40||0|041|2102|||||0||0||||||||||||||||||||
|C190|041|2102||4231,40|0|0|0|0|0|0||
|C100|0|1|800007081|55|00|21|000040656|35110461086336002157550210000406561525866050|07042011|26042011|5340,00|1|||4450,00|1||||4450,00|311,50||||||||
|C170|1|200480||50,00000|PC|4450,00||0|000|2102||4450,00|7,00|311,50|0||0||||||||||||||||||||
|C190|000|2102|7,00|5340,00|4450,00|311,50|0|0|0|0||
|C100|0|1|800007081|55|00|21|000039859|35110361086336002157550210000398591998494718|31032011|28042011|6368,64|1|||5307,20|1||||5307,20|371,50||||||||
|C170|1|200380||20,00000|PC|5307,20||0|000|2102||5307,20|7,00|371,50|0||0||||||||||||||||||||
|C190|000|2102|7,00|6368,64|5307,20|371,50|0|0|0|0||
|C100|0|1|800007081|55|00|21|000039761|35110361086336002157550210000397611179442161|30032011|18042011|5731,75|1|||4585,40|1||||4585,40|320,98||||||||
|C170|1|PET736/55||20,00000|PC|4585,40||0|000|2102||4585,40|7,00|320,98|0||0||||||||||||||||||||
|C190|000|2102|7,00|5731,75|4585,40|320,98|0|0|0|0||
|C100|0|1|800007075|55|00|7|000041012|31110361086336014406550070000410121785693066|30032011|15042011|2797,87|1|||2543,52|1||||2543,52|178,05||||||||
|C170|1|330150||12,00000|PC|2543,52||0|000|2102||2543,52|7,00|178,05|0||0||||||||||||||||||||
|C190|000|2102|7,00|2797,87|2543,52|178,05|0|0|0|0||
|C100|0|1|800007075|55|00|7|000040850|31110361086336014406550070000408501991282866|28032011|18042011|2910,57|1|||2598,72|1||||2598,72|181,91||||||||
|C170|1|330250||48,00000|PC|2598,72||0|000|2102||2598,72|7,00|181,91|0||0||||||||||||||||||||
|C190|000|2102|7,00|2910,57|2598,72|181,91|0|0|0|0||
|C100|0|1|800007075|55|00|7|000040849|31110361086336014406550070000408491179952622|28032011|26042011|13599,34|1|||12363,04|1||||12363,04|865,41||||||||
|C170|1|330010||60,00000|PC|3792,60||0|000|2102||3792,60|7,00|265,48|0||0||||||||||||||||||||
|C170|2|330210||120,00000|PC|4572,00||0|000|2102||4572,00|7,00|320,04|0||0||||||||||||||||||||
|C170|3|330140||24,00000|PC|969,84||0|000|2102||969,84|7,00|67,89|0||0||||||||||||||||||||
|C170|4|330090||6,00000|PC|383,70||0|000|2102||383,70|7,00|26,86|0||0||||||||||||||||||||
|C170|5|330090||8,00000|PC|511,60||0|000|2102||511,60|7,00|35,81|0||0||||||||||||||||||||
|C170|6|330030||30,00000|PC|2133,30||0|000|2102||2133,30|7,00|149,33|0||0||||||||||||||||||||
|C190|000|2102|7,00|13599,34|12363,04|865,41|0|0|0|0||
|C100|0|1|800006983|55|00|1|000035650|26110459105999006036550010000356501307002146|16042011|18042011|4935,23|1|||4291,50|1||||4291,50|514,98||||||||
|C170|1|040213||6,00000|PC|4291,50||0|000|2102||4291,50|12,00|514,98|0||0||||||||||||||||||||
|C190|000|2102|12,00|4935,23|4291,50|514,98|0|0|0|0||
|C100|0|1|800008028|55|00|1|000318694|35110459105999000348550010003186941045697251|06042011|26042011|5593,86|1|||4661,55|1||||4661,55|326,31||||||||
|C170|1|030333||5,00000|PC|4661,55||0|000|2102||4661,55|7,00|326,31|0||0||||||||||||||||||||
|C190|000|2102|7,00|5593,86|4661,55|326,31|0|0|0|0||
|C100|0|1|800006983|55|00|1|000035461|26110459105999006036550010000354611572834645|14042011|30042011|683,35|1|||594,22|1||||594,22|71,31||||||||
|C170|1|040013||1,00000|PC|594,22||0|000|2102||594,22|12,00|71,31|0||0||||||||||||||||||||
|C190|000|2102|12,00|683,35|594,22|71,31|0|0|0|0||
|C100|0|1|800006983|55|00|1|000035462|26110459105999006036550010000354621344328904|14042011|30042011|12124,85|1|||10543,35|1||||10543,35|1265,20||||||||
|C170|1|030123||5,00000|PC|9248,55||0|000|2102||9248,55|12,00|1109,83|0||0||||||||||||||||||||
|C170|2|030123||1,00000|PC|1294,80||0|000|2102||1294,80|12,00|155,38|0||0||||||||||||||||||||
|C190|000|2102|12,00|12124,85|10543,35|1265,20|0|0|0|0||
|C100|0|1|800006983|55|00|1|000035647|26110459105999006036550010000356471285735892|16042011|18042011|7550,40|1|||7260,00|1||||7260,00|871,20||||||||
|C170|1|030433||15,00000|PC|7260,00||0|000|2102||7260,00|12,00|871,20|0||0||||||||||||||||||||
|C190|000|2102|12,00|7550,40|7260,00|871,20|0|0|0|0||
|C100|0|1|800006983|55|00|1|000035648|26110459105999006036550010000356481311104006|16042011|18042011|6845,04|1|||5704,20|1||||5704,20|684,50||||||||
|C170|1|030373||9,00000|PC|5704,20||0|000|2102||5704,20|12,00|684,50|0||0||||||||||||||||||||
|C190|000|2102|12,00|6845,04|5704,20|684,50|0|0|0|0||
|C100|0|1|800006983|55|00|1|000035649|26110459105999006036550010000356491610560132|16042011|18042011|2733,41|1|||2376,88|1||||2376,88|285,23||||||||
|C170|1|040013||4,00000|PC|2376,88||0|000|2102||2376,88|12,00|285,23|0||0||||||||||||||||||||
|C190|000|2102|12,00|2733,41|2376,88|285,23|0|0|0|0||
|C100|0|1|800006985|55|00|1|000315914|35110360736279001250550010003159141972743288|31032011|15042011|3960,32|1|||3808,00|1||||3808,00|266,56||||||||
|C170|1|050543||14,00000|PEC|3808,00||0|000|2102||3808,00|7,00|266,56|0||0||||||||||||||||||||
|C190|000|2102|7,00|3960,32|3808,00|266,56|0|0|0|0||
|C100|0|1|800006990|55|00|2|000030243|13110304403408000165550020000302431604750123|30032011|14042011|6559,40|1|||6559,40|1||||6559,40|787,13||||||||
|C170|1|TC-P58VT20B||1,00000|PEC|6559,40||0|000|2102||6559,40|12,00|787,13|0||0||||||||||||||||||||
|C190|000|2102|12,00|6559,40|6559,40|787,13|0|0|0|0||
|C100|0|1|800006990|55|00|2|000030230|13110304403408000165550020000302301601396797|30032011|15042011|2416,70|1|||2416,70|1||||2416,70|290,00||||||||
|C170|1|180800||10,00000|PEC|2416,70||0|000|2102||2416,70|12,00|290,00|0||0||||||||||||||||||||
|C190|000|2102|12,00|2416,70|2416,70|290,00|0|0|0|0||
|C100|0|1|800006992|55|00|1|000072423|35110304403408000912550010000724231619558023|30032011|28042011|428,11|1|||356,76|1||||356,76|24,97||||||||
|C170|1|180900||3,00000|PEC|356,76||0|000|2102||356,76|7,00|24,97|0||0||||||||||||||||||||
|C190|000|2102|7,00|428,11|356,76|24,97|0|0|0|0||
|C100|0|1|800006992|55|00|1|000072424|35110304403408000912550010000724241619558020|30032011|14042011|4010,67|1|||3487,54|1||||3487,54|244,13||||||||
|C170|1|180970||2,00000|PEC|3487,54||0|000|2102||3487,54|7,00|244,13|0||0||||||||||||||||||||
|C190|000|2102|7,00|4010,67|3487,54|244,13|0|0|0|0||
|C100|0|1|800006992|55|00|1|000072421|35110304403408000912550010000724211619526682|30032011|28042011|563,74|1|||450,99|1||||450,99|31,57||||||||
|C170|1|DMP-BDT300PU||1,00000|PEC|450,99||0|000|2102||450,99|7,00|31,57|0||0||||||||||||||||||||
|C190|000|2102|7,00|563,74|450,99|31,57|0|0|0|0||
|C100|0|1|800006990|55|00|2|000030929|13110404403408000165550020000309291982226419|19042011|26042011|1208,35|1|||1208,35|1||||1208,35|145,00||||||||
|C170|1|180800||5,00000|PEC|1208,35||0|000|2102||1208,35|12,00|145,00|0||0||||||||||||||||||||
|C190|000|2102|12,00|1208,35|1208,35|145,00|0|0|0|0||
|C100|0|1|800008026|01|00|1|0008491||01042011|01042011|412,49|9|||412,49|9||||412,49|70,12||||||||
|C170|1|901270||2,00000|UN|59,74||0|000|1152||59,74|17,00|10,16|0||0||||||||||||||||||||
|C170|2|270010||1,00000|UN|352,75||0|000|1152||352,75|17,00|59,97|0||0||||||||||||||||||||
|C190|000|1152|17,00|412,49|412,49|70,12|0|0|0|0||
|C100|0|1|800008026|01|00|1|0008493||01042011|01042011|101,07|9|||101,07|9||||101,07|17,18||||||||
|C170|1|150050||1,00000|UN|34,41||0|000|1152||34,41|17,00|5,85|0||0||||||||||||||||||||
|C170|2|330050||1,00000|UN|27,29||0|000|1152||27,29|17,00|4,64|0||0||||||||||||||||||||
|C170|3|902511||1,00000|UN|39,37||0|000|1152||39,37|17,00|6,69|0||0||||||||||||||||||||
|C190|000|1152|17,00|101,07|101,07|17,18|0|0|0|0||
|C100|0|1|800008026|01|00|1|0008498||04042011|04042011|860,47|9|||860,47|9||||860,47|146,28||||||||
|C170|1|031190||1,00000|UN|612,16||0|000|1152||612,16|17,00|104,07|0||0||||||||||||||||||||
|C170|2|100200||1,00000|UN|248,31||0|000|1152||248,31|17,00|42,21|0||0||||||||||||||||||||
|C190|000|1152|17,00|860,47|860,47|146,28|0|0|0|0||
|C100|0|1|800008026|01|00|1|0008500||04042011|04042011|241,01|9|||241,01|9||||241,01|40,97||||||||
|C170|1|040360||1,00000|UN|241,01||0|000|1152||241,01|17,00|40,97|0||0||||||||||||||||||||
|C190|000|1152|17,00|241,01|241,01|40,97|0|0|0|0||
|C100|0|1|800008026|01|00|1|0008504||06042011|06042011|379,54|9|||379,54|9||||379,54|64,52||||||||
|C170|1|180280||1,00000|UN|53,12||0|000|1152||53,12|17,00|9,03|0||0||||||||||||||||||||
|C170|2|120090||1,00000|UN|42,35||0|000|1152||42,35|17,00|7,20|0||0||||||||||||||||||||
|C170|3|330020||1,00000|UN|60,96||0|000|1152||60,96|17,00|10,36|0||0||||||||||||||||||||
|C170|4|900100||1,00000|UN|30,21||0|000|1152||30,21|17,00|5,14|0||0||||||||||||||||||||
|C170|5|901060||1,00000|UN|15,74||0|000|1152||15,74|17,00|2,68|0||0||||||||||||||||||||
|C170|6|120140||1,00000|UN|23,81||0|000|1152||23,81|17,00|4,05|0||0||||||||||||||||||||
|C170|7|900291||1,00000|UN|25,71||0|000|1152||25,71|17,00|4,37|0||0||||||||||||||||||||
|C170|8|910720||1,00000|UN|68,40||0|000|1152||68,40|17,00|11,63|0||0||||||||||||||||||||
|C170|9|813550||1,00000|UN|16,03||0|000|1152||16,03|17,00|2,73|0||0||||||||||||||||||||
|C170|10|330240||1,00000|UN|43,21||0|000|1152||43,21|17,00|7,35|0||0||||||||||||||||||||
|C190|000|1152|17,00|379,54|379,54|64,52|0|0|0|0||
|C100|0|1|800008026|01|00|1|0008509||08042011|08042011|195,75|9|||195,75|9||||195,75|33,28||||||||
|C170|1|330240||1,00000|UN|43,21||0|000|1152||43,21|17,00|7,35|0||0||||||||||||||||||||
|C170|2|290300||1,00000|UN|76,90||0|000|1152||76,90|17,00|13,07|0||0||||||||||||||||||||
|C170|3|290230||1,00000|UN|75,64||0|000|1152||75,64|17,00|12,86|0||0||||||||||||||||||||
|C190|000|1152|17,00|195,75|195,75|33,28|0|0|0|0||
|C100|0|1|800008026|01|00|1|0008510||08042011|08042011|341,03|9|||341,03|9||||341,03|57,98||||||||
|C170|1|950231||1,00000|UN|181,83||0|000|1152||181,83|17,00|30,91|0||0||||||||||||||||||||
|C170|2|500040||1,00000|UN|16,48||0|000|1152||16,48|17,00|2,80|0||0||||||||||||||||||||
|C170|3|500622||1,00000|UN|29,90||0|000|1152||29,90|17,00|5,08|0||0||||||||||||||||||||
|C170|4|500084||2,00000|UN|45,34||0|000|1152||45,34|17,00|7,71|0||0||||||||||||||||||||
|C170|5|501390||2,00000|UN|67,48||0|000|1152||67,48|17,00|11,47|0||0||||||||||||||||||||
|C190|000|1152|17,00|341,03|341,03|57,98|0|0|0|0||
|C100|0|1|800008026|01|00|1|0008516||10042011|10042011|132,00|9|||132,00|9||||132,00|22,44||||||||
|C170|1|200360||1,00000|UN|132,00||0|000|1152||132,00|17,00|22,44|0||0||||||||||||||||||||
|C190|000|1152|17,00|132,00|132,00|22,44|0|0|0|0||
|C100|0|1|800008026|01|00|1|0008521||11042011|11042011|518,79|9|||518,79|9||||518,79|88,19||||||||
|C170|1|501110||1,00000|UN|144,77||0|000|1152||144,77|17,00|24,61|0||0||||||||||||||||||||
|C170|2|902511||1,00000|UN|39,37||0|000|1152||39,37|17,00|6,69|0||0||||||||||||||||||||
|C170|3|760058||1,00000|UN|42,99||0|000|1152||42,99|17,00|7,31|0||0||||||||||||||||||||
|C170|4|900031||1,00000|UN|32,23||0|000|1152||32,23|17,00|5,48|0||0||||||||||||||||||||
|C170|5|890540||1,00000|UN|259,43||0|000|1152||259,43|17,00|44,10|0||0||||||||||||||||||||
|C190|000|1152|17,00|518,79|518,79|88,19|0|0|0|0||
|C100|0|1|800008026|01|00|1|0008523||12042011|12042011|210,29|9|||210,29|9||||210,29|35,75||||||||
|C170|1|031093||1,00000|UN|210,29||0|000|1152||210,29|17,00|35,75|0||0||||||||||||||||||||
|C190|000|1152|17,00|210,29|210,29|35,75|0|0|0|0||
|C100|0|1|800008026|01|00|1|0008526||12042011|12042011|381,11|9|||381,11|9||||381,11|64,79||||||||
|C170|1|330030||1,00000|UN|76,05||0|000|1152||76,05|17,00|12,93|0||0||||||||||||||||||||
|C170|2|090280||1,00000|UN|104,46||0|000|1152||104,46|17,00|17,76|0||0||||||||||||||||||||
|C170|3|290190||1,00000|UN|32,70||0|000|1152||32,70|17,00|5,56|0||0||||||||||||||||||||
|C170|4|910782||1,00000|UN|32,55||0|000|1152||32,55|17,00|5,53|0||0||||||||||||||||||||
|C170|5|890550||1,00000|UN|120,55||0|000|1152||120,55|17,00|20,49|0||0||||||||||||||||||||
|C170|6|902710||1,00000|UN|14,80||0|000|1152||14,80|17,00|2,52|0||0||||||||||||||||||||
|C190|000|1152|17,00|381,11|381,11|64,79|0|0|0|0||
|C100|0|1|800008026|01|00|1|0008529||14042011|14042011|747,96|9|||747,96|9||||747,96|127,15||||||||
|C170|1|950460||1,00000|UN|615,96||0|000|1152||615,96|17,00|104,71|0||0||||||||||||||||||||
|C170|2|200360||1,00000|UN|132,00||0|000|1152||132,00|17,00|22,44|0||0||||||||||||||||||||
|C190|000|1152|17,00|747,96|747,96|127,15|0|0|0|0||
|C100|0|1|800008026|01|00|1|0008531||14042011|14042011|376,47|9|||376,47|9||||376,47|64,00||||||||
|C170|1|090320||1,00000|UN|144,00||0|000|1152||144,00|17,00|24,48|0||0||||||||||||||||||||
|C170|2|100210||1,00000|UN|232,47||0|000|1152||232,47|17,00|39,52|0||0||||||||||||||||||||
|C190|000|1152|17,00|376,47|376,47|64,00|0|0|0|0||
|C100|0|1|800008026|01|00|1|0008532||15042011|15042011|110,54|9|||110,54|9||||110,54|18,79||||||||
|C170|1|880070||2,00000|UN|110,54||0|000|1152||110,54|17,00|18,79|0||0||||||||||||||||||||
|C190|000|1152|17,00|110,54|110,54|18,79|0|0|0|0||
|C100|0|1|800008026|01|00|1|0008536||18042011|18042011|1172,06|9|||1172,06|9||||1172,06|199,25||||||||
|C170|1|180790||1,00000|UN|1172,06||0|000|1152||1172,06|17,00|199,25|0||0||||||||||||||||||||
|C190|000|1152|17,00|1172,06|1172,06|199,25|0|0|0|0||
|C100|0|1|800008026|01|00|1|0008539||18042011|18042011|76,05|9|||76,05|9||||76,05|12,93||||||||
|C170|1|330030||1,00000|UN|76,05||0|000|1152||76,05|17,00|12,93|0||0||||||||||||||||||||
|C190|000|1152|17,00|76,05|76,05|12,93|0|0|0|0||
|C100|0|1|800008026|01|00|1|0008542||19042011|19042011|50,41|9|||50,41|9||||50,41|8,57||||||||
|C170|1|680930||1,00000|UN|50,41||0|000|1152||50,41|17,00|8,57|0||0||||||||||||||||||||
|C190|000|1152|17,00|50,41|50,41|8,57|0|0|0|0||
|C100|0|1|800008026|01|00|1|0008556||30042011|30042011|14437,86|9|||14437,86|9||||14437,86|2454,44||||||||
|C170|1|180960||1,00000|UN|532,16||0|000|1152||532,16|17,00|90,47|0||0||||||||||||||||||||
|C170|2|180950||1,00000|UN|5772,27||0|000|1152||5772,27|17,00|981,29|0||0||||||||||||||||||||
|C170|3|030363||1,00000|UN|650,48||0|000|1152||650,48|17,00|110,58|0||0||||||||||||||||||||
|C170|4|040133||1,00000|UN|187,05||0|000|1152||187,05|17,00|31,80|0||0||||||||||||||||||||
|C170|5|030830||1,00000|UN|1533,54||0|000|1152||1533,54|17,00|260,70|0||0||||||||||||||||||||
|C170|6|060210||1,00000|UN|287,00||0|000|1152||287,00|17,00|48,79|0||0||||||||||||||||||||
|C170|7|220650||1,00000|UN|2341,09||0|000|1152||2341,09|17,00|397,99|0||0||||||||||||||||||||
|C170|8|031180||1,00000|UN|1711,88||0|000|1152||1711,88|17,00|291,02|0||0||||||||||||||||||||
|C170|9|100200||2,00000|UN|496,62||0|000|1152||496,62|17,00|84,43|0||0||||||||||||||||||||
|C170|10|030393||1,00000|UN|925,77||0|000|1152||925,77|17,00|157,38|0||0||||||||||||||||||||
|C190|000|1152|17,00|14437,86|14437,86|2454,44|0|0|0|0||
|C100|0|1|800006985|55|00|1|000322787|35110460736279001250550010003227871539882322|07042011|15042011|2474,98|1|||2030,00|1|122,16|||2152,16|150,65||||||||
|C170|1|050973||1,00000|PEC|2030,00||0|000|2102||2152,16|7,00|150,65|0||0||||||||||||||||||||
|C190|000|2102|7,00|2474,98|2152,16|150,65|0|0|0|0||
|C100|0|1|800006985|55|00|1|000314003|35110360736279001250550010003140031754327013|30032011|12042011|15150,70|1|||12325,39|1|1247,16|||13572,55|950,08||||||||
|C170|1|051110||5,00000|PEC|4090,00||0|000|2102||4161,25|7,00|291,29|0||0||||||||4327,70||||||4327,70||||||
|C170|2|050993||3,00000|PEC|8235,39||0|000|2102||9411,30|7,00|658,79|0||0||||||||10823,00||||||10823,00||||||
|C190|000|2102|7,00|15150,70|13572,55|950,08|0|0|0|0||
|C100|0|1|800006985|55|00|1|000313932|35110360736279001250550010003139321308102658|30032011|26042011|1697,28|1|||1632,00|1||||1632,00|114,24||||||||
|C170|1|050543||6,00000|PEC|1632,00||0|000|2102||1632,00|7,00|114,24|0||0||||||||1697,28||||||1697,28||||||
|C190|000|2102|7,00|1697,28|1632,00|114,24|0|0|0|0||
|C100|0|1|800006985|55|00|1|000314000|35110360736279001250550010003140001044463076|30032011|28042011|17868,01|1|||16920,00|1|641,25|||17561,25|1229,29||||||||
|C170|1|050830||10,00000|PEC|2820,00||0|000|2102||2962,50|7,00|207,38|0||0||||||||2962,50||||||2962,50||||||
|C170|2|050840||20,00000|PEC|7440,00||0|000|2102||7725,00|7,00|540,75|0||0||||||||7725,00||||||7725,00||||||
|C170|3|051060||10,00000|PEC|3550,00||0|000|2102||3692,50|7,00|258,48|0||0||||||||3840,20||||||3840,20||||||
|C170|4|051070||5,00000|PEC|3110,00||0|000|2102||3181,25|7,00|222,69|0||0||||||||3340,31||||||3340,31||||||
|C190|000|2102|7,00|17868,01|17561,25|1229,29|0|0|0|0||
|C100|0|1|800007080|55|00|1|000010221|35110401468951000152550010000102211008191260|11042011|30042011|423,50|9|||385,00|1||||385,00|26,95||||||||
|C170|1|GL356||2,00000|JG|385,00||0|000|2910||385,00|7,00|26,95|0||0||||||||||||||||||||
|C190|000|2910|7,00|423,50|385,00|26,95|0|0|0|0||
|C100|0|1|800006992|55|00|1|000072422|35110304403408000912550010000724221619542359|30032011|28042011|3208,55|1|||2790,04|1||||2790,04|195,30||||||||
|C170|1|180970||2,00000|PEC|2790,04||0|000|2102||2790,04|7,00|195,30|0||0||||||||3208,55||||||3208,55||||||
|C190|000|2102|7,00|3208,55|2790,04|195,30|0|0|0|0||
|C100|0|1|800007047|55|00|55|000028528|35110401490698000800550550000285281854549110|12042011|12042011|32,00|0|||32,00|9||||0|0||||||||
|C170|1|10000||1,00000|UN|32,00||0|090|2556|||||0||0||||||||||||||||||||
|C190|090|2556||32,00|0|0|0|0|0|0||
|C400|2D|ECF|GEXNJ20000|2|
|C405|01042011|1|1263|25330|10343938,39|9871|
|C420|01T1700|9871|1||
|C425|900240|1|UN|19|0,12|0,57|
|C425|180263|1|UN|249|1,62|7,47|
|C425|812010|1|UN|17|0,11|0,51|
|C425|050890|1|UN|2249|14,62|67,47|
|C425|100013|1|UN|290|1,89|8,7|
|C425|970090|1|UN|25|0,16|0,75|
|C425|850060|1|UN|99|0,64|2,97|
|C425|031100|1|UN|519|3,37|15,57|
|C425|501580|1|UN|99|0,64|2,97|
|C425|902941|1|UN|10|0,07|0,3|
|C425|820690|1|UN|10|0,07|0,3|
|C425|900215|1|UN|8|0,05|0,24|
|C425|502373|1|UN|39|0,25|1,17|
|C425|850110|1|UN|49|0,32|1,47|
|C425|502394|1|UN|8|0,05|0,24|
|C425|030960|1|UN|799|5,19|23,97|
|C425|290310|1|UN|149|0,97|4,47|
|C425|040133|1|UN|769|5|23,07|
|C425|040183|1|UN|899|5,84|26,97|
|C425|040250|1|UN|899|5,84|26,97|
|C425|040360|1|UN|200|1,3|6|
|C425|100200|2|UN|589|3,83|17,67|
|C425|100210|2|UN|720|4,68|21,6|
|C425|500360|1|UN|6|0,04|0,18|
|C425|701390|1|UN|16|0,1|0,48|
|C425|950120|1|UN|49|0,32|1,47|
|C425|031190|1|UN|999|6,49|29,97|
|C425|500580|1|UN|10|0,07|0,3|
|C425|500411|1|UN|8|0,05|0,24|
|C425|660284|7|UN|35|0,23|1,05|
|C425|811090|1|UN|34|0,22|1,02|
|C490|000|5102|17|9871|9871|1678,07||
|C405|02042011|1|1264|25347|10353086,39|9148|
|C420|01T1700|9148|1||
|C425|900570|1|UN|19|0,12|0,57|
|C425|700340|1|UN|39|0,25|1,17|
|C425|290153|1|UN|349|2,27|10,47|
|C425|180253|1|UN|150|0,98|4,5|
|C425|812010|1|UN|15|0,1|0,45|
|C425|031120|1|UN|969|6,3|29,07|
|C425|050983|1|UN|1999|12,99|59,97|
|C425|902210|1|UN|32|0,21|0,96|
|C425|813010|1|UN|55|0,36|1,65|
|C425|330120|1|UN|99|0,64|2,97|
|C425|760160|1|UN|85|0,55|2,55|
|C425|040103|1|UN|1357|8,82|40,71|
|C425|030093|1|UN|2139|13,9|64,17|
|C425|950120|1|UN|49|0,32|1,47|
|C425|970410|1|UN|29|0,19|0,87|
|C425|502390|6|UN|72|0,46|2,16|
|C425|500021|1|UN|15|0,1|0,45|
|C425|290060|1|UN|299|1,94|8,97|
|C425|180770|1|UN|620|4,03|18,6|
|C425|103110|1|UN|59|0,38|1,77|
|C425|100200|1|UN|399|2,59|11,97|
|C425|070420|1|UN|299|1,94|8,97|
|C490|000|5102|17|9148|9148|1555,16||
|C405|04042011|1|1265|25357|10355300,39|2214|
|C420|01T1700|2214|1||
|C425|040440|1|UN|429|2,79|12,87|
|C425|100210|1|UN|379|2,46|11,37|
|C425|521100|1|UN|10|0,07|0,3|
|C425|290280|1|UN|119|0,77|3,57|
|C425|500770|1|UN|5|0,03|0,15|
|C425|900121|1|UN|22|0,14|0,66|
|C425|180263|1|UN|236|1,53|7,08|
|C425|903340|1|UN|15|0,1|0,45|
|C425|220590|1|UN|999|6,49|29,97|
|C490|000|5102|17|2214|2214|376,38||
|C405|05042011|1|1266|25370|10360039,4|4739|
|C420|01T1700|4361|1||
|C425|530500|1|UN|55|0,36|1,65|
|C425|500760|2|UN|90|0,59|2,7|
|C425|900242|1|UN|10|0,07|0,3|
|C425|104400|2|UN|26|0,17|0,78|
|C425|901270|2|UN|118|0,77|3,54|
|C425|050983|1|UN|1999|12,99|59,97|
|C425|030363|1|UN|1049|6,82|31,47|
|C425|900121|1|UN|22|0,14|0,66|
|C425|501850|1|UN|25|0,16|0,75|
|C425|100210|1|UN|379|2,46|11,37|
|C425|040550|1|UN|159|1,03|4,77|
|C425|040440|1|UN|429|2,79|12,87|
|C420|N1|378|||
|C425|180810|1|UN|289|1,88|8,67|
|C425|710300|1|UN|89|0,58|2,67|
|C490|000|5102|17|4361|4361|741,37||
|C490|041|5102|0|378|0|0||
|C405|06042011|1|1267|25385|10366862,4|6823|
|C420|01T1700|6823|1||
|C425|950212|1|UN|99|0,64|2,97|
|C425|812640|1|UN|45|0,29|1,35|
|C425|220590|2|UN|1900|12,35|57|
|C425|811890|1|UN|29|0,19|0,87|
|C425|700242|1|UN|12|0,08|0,36|
|C425|105401|2|UN|78|0,51|2,34|
|C425|700433|1|UN|8|0,05|0,24|
|C425|501940|1|UN|12|0,08|0,36|
|C425|105101|1|UN|21|0,14|0,63|
|C425|901270|1|UN|59|0,38|1,77|
|C425|030383|1|UN|607|3,95|18,21|
|C425|902210|1|UN|30|0,2|0,9|
|C425|880070|1|UN|119|0,77|3,57|
|C425|812750|1|UN|22|0,14|0,66|
|C425|500370|1|UN|8|0,05|0,24|
|C425|030093|1|UN|2199|14,29|65,97|
|C425|501170|1|UN|5|0,03|0,15|
|C425|500040|1|UN|35|0,23|1,05|
|C425|180770|1|UN|1299|8,44|38,97|
|C425|103110|4|UN|236|1,54|7,08|
|C490|000|5102|17|6823|6823|1159,91||
|C405|07042011|1|1268|25402|10372758,4|5841|
|C420|01T1700|5841|1||
|C425|220133|1|UN|820|5,33|24,6|
|C425|900921|1|UN|24|0,16|0,72|
|C425|040163|1|UN|859|5,58|25,77|
|C425|790160|1|UN|159|1,03|4,77|
|C425|100013|1|UN|309|2,01|9,27|
|C425|180263|1|UN|249|1,62|7,47|
|C425|180253|1|UN|319|2,07|9,57|
|C425|700320|2|UN|38|0,25|1,14|
|C425|030383|1|UN|607|3,95|18,21|
|C425|040570|1|UN|189|1,23|5,67|
|C425|910710|1|UN|7|0,05|0,21|
|C425|500559|1|UN|25|0,16|0,75|
|C425|290220|1|UN|79|0,51|2,37|
|C425|103110|1|UN|59|0,38|1,77|
|C425|040290|1|UN|1099|7,14|32,97|
|C425|040173|1|UN|999|6,49|29,97|
|C490|000|5102|17|5841|5841|992,97||
|C405|08042011|1|1269|25417|10379991,4|7233|
|C420|01T1700|7233|1||
|C425|501791|1|UN|22|0,14|0,66|
|C425|701460|1|UN|19|0,12|0,57|
|C425|104090|2|UN|116|0,75|3,48|
|C425|500810|1|UN|10|0,07|0,3|
|C425|500780|1|UN|6|0,04|0,18|
|C425|500370|1|UN|8|0,05|0,24|
|C425|501740|1|UN|59|0,38|1,77|
|C425|031100|1|UN|549|3,57|16,47|
|C425|680930|1|UN|99|0,64|2,97|
|C425|670890|2|UN|64|0,42|1,92|
|C425|051220|1|UN|910|5,92|27,3|
|C425|520511|2|UN|138|0,9|4,14|
|C425|813640|1|UN|15|0,1|0,45|
|C425|103030|2|UN|118|0,77|3,54|
|C425|502394|1|UN|8|0,05|0,24|
|C425|660332|1|UN|28|0,18|0,84|
|C425|030143|1|UN|1899|12,34|56,97|
|C425|502393|1|UN|6|0,04|0,18|
|C425|031180|1|UN|1250|8,13|37,5|
|C425|070410|1|UN|279|1,81|8,37|
|C425|103110|2|UN|118|0,76|3,54|
|C425|180920|1|UN|35|0,23|1,05|
|C425|290053|1|UN|189|1,23|5,67|
|C425|501760|1|UN|25|0,16|0,75|
|C425|502390|1|UN|12|0,08|0,36|
|C425|270020|1|UN|494|3,21|14,82|
|C425|660230|2|UN|258|1,68|7,74|
|C425|890422|5|UN|440|2,86|13,2|
|C425|910710|1|UN|7|0,05|0,21|
|C425|104040|5|UN|35|0,23|1,05|
|C425|501130|1|UN|7|0,05|0,21|
|C425|501170|1|UN|5|0,03|0,15|
|C425|501351|1|UN|5|0,03|0,15|
|C490|000|5102|17|7233|7233|1229,61||
|C405|09042011|1|1270|25423|10381648,4|1657|
|C420|01T1700|1657|1||
|C425|030960|1|UN|799|5,19|23,97|
|C425|040550|1|UN|159|1,03|4,77|
|C425|030923|1|UN|699|4,54|20,97|
|C490|000|5102|17|1657|1657|281,69||
|C405|11042011|1|1271|25445|10390904,4|7007|
|C420|01T1700|6819|1||
|C425|670890|1|UN|32|0,21|0,96|
|C425|501780|2|UN|26|0,17|0,78|
|C425|650200|2|UN|78|0,5|2,34|
|C425|501351|8|UN|24|0,16|0,72|
|C425|902530|1|UN|22|0,14|0,66|
|C425|104050|6|UN|42|0,27|1,26|
|C425|500040|1|UN|34|0,22|1,02|
|C425|680420|1|UN|45|0,29|1,35|
|C425|050890|1|UN|2249|14,62|67,47|
|C425|501451|2|UN|78|0,51|2,34|
|C425|160100|1|UN|84|0,55|2,52|
|C425|501352|5|UN|15|0,1|0,45|
|C425|030443|1|UN|1167|7,59|35,01|
|C425|100210|1|UN|170|1,11|5,1|
|C425|040133|1|UN|769|5|23,07|
|C425|040440|1|UN|429|2,79|12,87|
|C425|090240|1|UN|59|0,38|1,77|
|C425|100160|1|UN|445|2,89|13,35|
|C425|100200|1|UN|379|2,46|11,37|
|C425|500021|1|UN|10|0,07|0,3|
|C425|103110|1|UN|59|0,38|1,77|
|C425|120090|1|UN|69|0,45|2,07|
|C425|180243|1|UN|520|3,38|15,6|
|C425|500020|1|UN|14|0,09|0,42|
|C420|N1|188|||
|C425|710020|1|UN|99|0,64|2,97|
|C425|710300|1|UN|89|0,58|2,67|
|C490|000|5102|17|6819|6819|1159,23||
|C490|041|5102|0|188|0|0||
|C405|12042011|1|1272|25455|10393007,4|2103|
|C420|01T1700|2065|1||
|C425|900710|1|UN|29|0,19|0,87|
|C425|104181|1|UN|29|0,19|0,87|
|C425|531190|1|UN|35|0,23|1,05|
|C425|920700|1|UN|49|0,32|1,47|
|C425|910170|1|UN|19|0,12|0,57|
|C425|030523|1|UN|339|2,2|10,17|
|C425|812850|1|UN|15|0,1|0,45|
|C425|330030|1|UN|101|0,66|3,03|
|C425|100210|2|UN|734|4,77|22,02|
|C425|040340|1|UN|715|4,65|21,45|
|C420|N1|38|||
|C425|940390|1|UN|29|0,19|0,87|
|C425|940360|1|UN|9|0,06|0,27|
|C490|000|5102|17|2065|2065|351,05||
|C490|041|5102|0|38|0|0||
|C405|13042011|1|1273|25472|10396553,4|3546|
|C420|01T1700|3540|1||
|C425|520440|1|UN|59|0,38|1,77|
|C425|501980|1|UN|19|0,12|0,57|
|C425|820820|1|UN|29|0,19|0,87|
|C425|290153|1|UN|330|2,15|9,9|
|C425|813560|1|UN|45|0,29|1,35|
|C425|500820|1|UN|7|0,05|0,21|
|C425|670890|1|UN|32|0,21|0,96|
|C425|880070|1|UN|119|0,77|3,57|
|C425|520920|1|UN|25|0,16|0,75|
|C425|900212|1|UN|8|0,05|0,24|
|C425|501352|4|UN|12|0,08|0,36|
|C425|030353|1|UN|1030|6,7|30,9|
|C425|120090|1|UN|69|0,45|2,07|
|C425|040430|1|UN|329|2,14|9,87|
|C425|040550|1|UN|159|1,03|4,77|
|C425|100200|1|UN|399|2,59|11,97|
|C425|103110|1|UN|59|0,38|1,77|
|C425|970200|1|UN|15|0,1|0,45|
|C425|502191|1|UN|39|0,25|1,17|
|C425|810860|1|UN|11|0,07|0,33|
|C425|040123|1|UN|729|4,74|21,87|
|C425|104080|1|UN|16|0,1|0,48|
|C420|N1|6|||
|C425|980300|1|UN|6|0,04|0,18|
|C490|000|5102|17|3540|3540|601,8||
|C490|041|5102|0|6|0|0||
|C405|14042011|1|1274|25492|10404342,4|7789|
|C420|01T1700|7441|1||
|C425|701050|1|UN|54|0,35|1,62|
|C425|900021|1|UN|199|1,29|5,97|
|C425|950090|2|UN|24|0,16|0,72|
|C425|901000|1|UN|55|0,36|1,65|
|C425|620030|1|UN|134|0,87|4,02|
|C425|105101|1|UN|21|0,14|0,63|
|C425|520870|1|UN|20|0,13|0,6|
|C425|900950|1|UN|14|0,09|0,42|
|C425|701420|2|UN|30|0,2|0,9|
|C425|330240|1|UN|79|0,51|2,37|
|C425|500621|1|UN|55|0,36|1,65|
|C425|090200|1|UN|79|0,51|2,37|
|C425|520390|1|UN|119|0,77|3,57|
|C425|902941|1|UN|10|0,07|0,3|
|C425|660110|1|UN|49|0,32|1,47|
|C425|702070|1|UN|12|0,08|0,36|
|C425|702080|1|UN|19|0,12|0,57|
|C425|903281|1|UN|59|0,38|1,77|
|C425|105102|1|UN|19|0,12|0,57|
|C425|502394|2|UN|16|0,1|0,48|
|C425|900042|1|UN|17|0,11|0,51|
|C425|900922|1|UN|36|0,23|1,08|
|C425|030353|2|UN|3448|22,42|103,44|
|C425|502391|1|UN|12|0,08|0,36|
|C425|700930|1|UN|49|0,32|1,47|
|C425|650200|1|UN|39|0,25|1,17|
|C425|570070|2|UN|24|0,16|0,72|
|C425|502393|1|UN|6|0,04|0,18|
|C425|890422|1|UN|84|0,55|2,52|
|C425|500020|3|UN|42|0,27|1,26|
|C425|290033|1|UN|170|1,11|5,1|
|C425|180320|1|UN|39|0,25|1,17|
|C425|103110|1|UN|58|0,38|1,74|
|C425|040550|1|UN|159|1,03|4,77|
|C425|502300|3|UN|57|0,37|1,71|
|C425|950460|1|UN|1199|7,79|35,97|
|C425|200360|1|UN|219|1,42|6,57|
|C425|502200|1|UN|55|0,36|1,65|
|C425|500290|1|UN|45|0,29|1,35|
|C425|701620|1|UN|32|0,21|0,96|
|C425|902550|1|UN|15|0,1|0,45|
|C425|902171|1|UN|299|1,94|8,97|
|C425|890440|2|UN|121|0,78|3,63|
|C425|890430|1|UN|149|0,97|4,47|
|C420|N1|348|||
|C425|180900|1|UN|249|1,62|7,47|
|C425|710020|1|UN|99|0,64|2,97|
|C490|000|5102|17|7441|7441|1264,97||
|C490|041|5102|0|348|0|0||
|C405|15042011|1|1275|25505|10409220,4|4878|
|C420|01T1700|4878|1||
|C425|031110|2|UN|764|4,96|22,92|
|C425|180203|1|UN|399|2,59|11,97|
|C425|502390|2|UN|24|0,16|0,72|
|C425|902171|1|UN|299|1,94|8,97|
|C425|040123|4|UN|2796|18,17|83,88|
|C425|501270|1|UN|12|0,08|0,36|
|C425|890380|1|UN|299|1,94|8,97|
|C425|500810|1|UN|10|0,07|0,3|
|C425|090350|1|UN|199|1,29|5,97|
|C425|330240|1|UN|76|0,49|2,28|
|C490|000|5102|17|4878|4878|829,26||
|C405|16042011|1|1276|25521|10411024,11|1760|
|C420|01T1700|1760|1||
|C425|880060|1|UN|139|0,9|4,17|
|C425|501430|1|UN|89|0,58|2,67|
|C425|910010|2|UN|78|0,51|2,34|
|C425|701080|1|UN|69|0,45|2,07|
|C425|501351|1|UN|3|0,02|0,09|
|C425|030523|1|UN|339|2,2|10,17|
|C425|180203|1|UN|399|2,59|11,97|
|C425|103110|1|UN|59|0,38|1,77|
|C425|100210|1|UN|367|2,39|11,01|
|C425|090240|1|UN|59|0,38|1,77|
|C425|040550|1|UN|159|1,03|4,77|
|C490|000|5102|17|1760|1760|299,2||
|C405|18042011|1|1277|25540|10421048,41|10024|
|C420|01T1700|10024|1||
|C425|120120|1|UN|279|1,81|8,37|
|C425|090250|1|UN|119|0,77|3,57|
|C425|220303|1|UN|1210|7,87|36,3|
|C425|330020|1|UN|105|0,68|3,15|
|C425|330240|1|UN|37|0,24|1,11|
|C425|760054|1|UN|49|0,32|1,47|
|C425|761070|1|UN|49|0,32|1,47|
|C425|500411|1|UN|8|0,05|0,24|
|C425|101220|6|UN|60|0,39|1,8|
|C425|105101|1|UN|19|0,12|0,57|
|C425|105401|1|UN|39|0,25|1,17|
|C425|850070|1|UN|89|0,58|2,67|
|C425|510050|1|UN|75|0,49|2,25|
|C425|510300|1|UN|46|0,3|1,38|
|C425|030253|1|UN|1560|10,14|46,8|
|C425|250520|1|UN|450|2,93|13,5|
|C425|040213|1|UN|1399|9,09|41,97|
|C425|100200|1|UN|399|2,59|11,97|
|C425|100210|1|UN|379|2,46|11,37|
|C425|180203|1|UN|399|2,59|11,97|
|C425|180790|1|UN|1999|12,99|59,97|
|C425|180920|1|UN|69|0,45|2,07|
|C425|120070|1|UN|66|0,43|1,98|
|C425|330050|1|UN|49|0,32|1,47|
|C425|500561|1|UN|19|0,12|0,57|
|C425|650200|1|UN|39|0,25|1,17|
|C425|970410|1|UN|29|0,19|0,87|
|C425|031190|1|UN|949|6,17|28,47|
|C425|813550|1|UN|35|0,23|1,05|
|C490|000|5102|17|10024|10024|1704,08||
|C405|19042011|1|1278|25555|10426198,41|5150|
|C420|01T1700|5112|1||
|C425|502393|1|UN|6|0,04|0,18|
|C425|150240|1|UN|59|0,38|1,77|
|C425|901541|1|UN|49|0,32|1,47|
|C425|501500|1|UN|29|0,19|0,87|
|C425|700320|1|UN|19|0,12|0,57|
|C425|040143|1|UN|890|5,79|26,7|
|C425|030143|1|UN|1899|12,34|56,97|
|C425|330250|1|UN|99|0,64|2,97|
|C425|180770|1|UN|1299|8,44|38,97|
|C425|150040|1|UN|59|0,38|1,77|
|C425|100210|1|UN|180|1,17|5,4|
|C425|100200|1|UN|185|1,2|5,55|
|C425|030523|1|UN|339|2,2|10,17|
|C420|N1|38|||
|C425|940440|2|UN|28|0,18|0,84|
|C425|940350|2|UN|10|0,07|0,3|
|C490|000|5102|17|5112|5112|869,04||
|C490|041|5102|0|38|0|0||
|C405|20042011|1|1279|25561|10427014,41|816|
|C420|01T1700|816|1||
|C425|180203|1|UN|399|2,59|11,97|
|C425|501770|1|UN|12|0,08|0,36|
|C425|050683|1|UN|405|2,63|12,15|
|C490|000|5102|17|816|816|138,72||
|C405|25042011|1|1280|25571|10428230,41|1216|
|C420|01T1700|1137|1||
|C425|330240|1|UN|79|0,51|2,37|
|C425|850070|1|UN|89|0,58|2,67|
|C425|500112|2|UN|104|0,68|3,12|
|C425|501180|1|UN|39|0,25|1,17|
|C425|950510|1|UN|522|3,39|15,66|
|C425|500320|1|UN|12|0,08|0,36|
|C425|500690|1|UN|39|0,25|1,17|
|C425|330210|1|UN|89|0,58|2,67|
|C425|501190|2|UN|78|0,51|2,34|
|C425|500340|1|UN|4|0,03|0,12|
|C425|500330|1|UN|14|0,09|0,42|
|C425|500140|1|UN|49|0,32|1,47|
|C425|910200|1|UN|9|0,06|0,27|
|C425|500550|1|UN|5|0,03|0,15|
|C425|501300|1|UN|5|0,03|0,15|
|C420|N1|79|||
|C425|710280|1|UN|79|0,51|2,37|
|C490|000|5102|17|1137|1137|193,29||
|C490|041|5102|0|79|0|0||
|C405|26042011|1|1281|25589|10430851,41|2621|
|C420|01T1700|2443|1||
|C425|501890|1|UN|5|0,03|0,15|
|C425|700730|1|UN|12|0,08|0,36|
|C425|890450|1|UN|119|0,77|3,57|
|C425|180263|1|UN|235|1,53|7,05|
|C425|810420|1|UN|129|0,84|3,87|
|C425|820480|1|UN|19|0,12|0,57|
|C425|105040|1|UN|45|0,29|1,35|
|C425|500750|1|UN|8|0,05|0,24|
|C425|890380|1|UN|299|1,94|8,97|
|C425|900023|1|UN|29|0,19|0,87|
|C425|701023|1|UN|16|0,1|0,48|
|C425|810900|1|UN|18|0,12|0,54|
|C425|840580|1|UN|69|0,45|2,07|
|C425|502382|3|UN|12|0,08|0,36|
|C425|840122|1|UN|89|0,58|2,67|
|C425|502394|2|UN|16|0,1|0,48|
|C425|031240|1|UN|259|1,68|7,77|
|C425|761090|1|UN|48|0,31|1,44|
|C425|100210|1|UN|367|2,39|11,01|
|C425|180580|1|UN|165|1,07|4,95|
|C425|330050|1|UN|49|0,32|1,47|
|C425|502383|2|UN|12|0,08|0,36|
|C425|530461|1|UN|12|0,08|0,36|
|C425|700431|1|UN|12|0,08|0,36|
|C425|701170|1|UN|19|0,12|0,57|
|C425|810880|1|UN|12|0,08|0,36|
|C425|890430|1|UN|149|0,97|4,47|
|C425|900252|3|UN|30|0,2|0,9|
|C425|900900|1|UN|39|0,25|1,17|
|C425|900692|1|UN|119|0,77|3,57|
|C425|902760|1|UN|12|0,08|0,36|
|C425|501080|1|UN|7|0,05|0,21|
|C425|501270|1|UN|12|0,08|0,36|
|C420|N1|178|||
|C425|710300|2|UN|178|1,16|5,34|
|C490|000|5102|17|2443|2443|415,31||
|C490|041|5102|0|178|0|0||
|C405|27042011|1|1282|25600|10438155,41|7304|
|C420|N1|517|||
|C425|710020|1|UN|99|0,64|2,97|
|C425|180810|1|UN|289|1,88|8,67|
|C425|180860|1|UN|129|0,84|3,87|
|C420|02T1700|6787|2||
|C425|090200|1|UN|79|0,51|2,37|
|C425|890430|1|UN|149|0,97|4,47|
|C425|890440|1|UN|62|0,4|1,86|
|C425|902550|1|UN|15|0,1|0,45|
|C425|950460|1|UN|1199|7,79|35,97|
|C425|030353|1|UN|2298|14,94|68,94|
|C425|330240|1|UN|79|0,51|2,37|
|C425|701050|1|UN|54|0,35|1,62|
|C425|740240|1|UN|29|0,19|0,87|
|C425|520390|1|UN|119|0,77|3,57|
|C425|902941|1|UN|10|0,07|0,3|
|C425|900922|1|UN|36|0,23|1,08|
|C425|030523|1|UN|325|2,11|9,75|
|C425|650200|1|UN|39|0,25|1,17|
|C425|502391|1|UN|12|0,08|0,36|
|C425|180770|1|UN|1299|8,44|38,97|
|C425|700930|1|UN|49|0,32|1,47|
|C425|103110|2|UN|117|0,76|3,51|
|C425|100200|1|UN|399|2,59|11,97|
|C425|040550|1|UN|159|1,03|4,77|
|C425|031240|1|UN|259|1,68|7,77|
|C490|000|5102|17|6787|6787|1153,79||
|C490|041|5102|0|517|0|0||
|C405|28042011|1|1283|25612|10443366,41|5211|
|C420|01T1700|5211|1||
|C425|500552|1|UN|22|0,14|0,66|
|C425|051040|1|UN|530|3,45|15,9|
|C425|106020|1|UN|299|1,94|8,97|
|C425|531380|1|UN|19|0,12|0,57|
|C425|810060|1|UN|65|0,42|1,95|
|C425|970380|1|UN|49|0,32|1,47|
|C425|500123|1|UN|19|0,12|0,57|
|C425|900732|1|UN|99|0,64|2,97|
|C425|910010|1|UN|39|0,25|1,17|
|C425|500553|1|UN|12|0,08|0,36|
|C425|500554|1|UN|24|0,16|0,72|
|C425|760070|1|UN|69|0,45|2,07|
|C425|960070|1|UN|39|0,25|1,17|
|C425|500556|1|UN|46|0,3|1,38|
|C425|102601|1|UN|129|0,84|3,87|
|C425|660331|1|UN|149|0,97|4,47|
|C425|760600|1|UN|179|1,16|5,37|
|C425|030533|1|UN|538|3,5|16,14|
|C425|900060|2|UN|20|0,13|0,6|
|C425|031073|1|UN|1649|10,72|49,47|
|C425|120020|1|UN|99|0,64|2,97|
|C425|180280|1|UN|89|0,58|2,67|
|C425|500021|1|UN|10|0,07|0,3|
|C425|502030|1|UN|19|0,12|0,57|
|C425|530461|1|UN|12|0,08|0,36|
|C425|650200|1|UN|39|0,25|1,17|
|C425|530210|1|UN|179|1,16|5,37|
|C425|031260|1|UN|579|3,76|17,37|
|C425|501270|1|UN|12|0,08|0,36|
|C425|900041|1|UN|12|0,08|0,36|
|C425|840620|1|UN|55|0,36|1,65|
|C425|700972|1|UN|27|0,18|0,81|
|C425|101230|1|UN|35|0,23|1,05|
|C425|760054|1|UN|49|0,32|1,47|
|C490|000|5102|17|5211|5211|885,87||
|C405|29042011|1|1284|25628|10450667,41|7301|
|C420|01T1700|7301|1||
|C425|180770|1|UN|617|4,01|18,51|
|C425|812060|1|UN|39|0,25|1,17|
|C425|105101|1|UN|19|0,12|0,57|
|C425|330020|1|UN|105|0,68|3,15|
|C425|090130|1|UN|42|0,27|1,26|
|C425|220100|1|UN|710|4,62|21,3|
|C425|290210|1|UN|348|2,26|10,44|
|C425|030130|1|UN|1999|12,99|59,97|
|C425|180320|1|UN|39|0,25|1,17|
|C425|180290|1|UN|129|0,84|3,87|
|C425|180190|1|UN|599|3,89|17,97|
|C425|120090|1|UN|69|0,45|2,07|
|C425|100200|2|UN|778|5,05|23,34|
|C425|040550|1|UN|159|1,03|4,77|
|C425|031073|1|UN|1649|10,72|49,47|
|C490|000|5102|17|7301|7301|1241,17||
|C405|30042011|1|1285|25642|10451923,41|1256|
|C420|01T1700|1256|1||
|C425|810880|2|UN|24|0,16|0,72|
|C425|970710|1|UN|23|0,15|0,69|
|C425|502403|1|UN|49|0,32|1,47|
|C425|902286|1|UN|65|0,42|1,95|
|C425|700861|1|UN|16|0,1|0,48|
|C425|812850|1|UN|15|0,1|0,45|
|C425|500630|1|UN|5|0,03|0,15|
|C425|890500|1|UN|99|0,64|2,97|
|C425|100210|1|UN|379|2,46|11,37|
|C425|700620|1|UN|18|0,12|0,54|
|C425|500510|1|UN|12|0,08|0,36|
|C425|820851|1|UN|9|0,06|0,27|
|C425|501170|1|UN|5|0,03|0,15|
|C425|950010|1|UN|129|0,84|3,87|
|C425|810891|1|UN|8|0,05|0,24|
|C425|180203|1|UN|400|2,6|12|
|C490|000|5102|17|1256|1256|213,52||
|C400|2D|ECF|BE0106SC56001133153|4|
|C405|01042011|1|9363|12561|10086616,65|6814|
|C420|01T1700|6814|1||
|C425|030353|1|UN|2349|15,27|70,47|
|C425|030383|1|UN|1349|8,77|40,47|
|C425|030393|1|UN|1499|9,74|44,97|
|C425|040183|1|UN|899|5,84|26,97|
|C425|100200|1|UN|399|2,59|11,97|
|C425|180253|1|UN|319|2,07|9,57|
|C490|000|5102|17|6814|6814|1158,38||
|C405|02042011|1|9368|12569|10094564,65|7948|
|C420|01T1700|7948|1||
|C425|030970|1|UN|1560|10,14|46,8|
|C425|031093|1|UN|379|2,46|11,37|
|C425|040223|1|UN|1569|10,2|47,07|
|C425|040440|1|UN|400|2,6|12|
|C425|030093|1|UN|2100|13,65|63|
|C425|040203|1|UN|1640|10,66|49,2|
|C425|100013|1|UN|300|1,95|9|
|C490|000|5102|17|7948|7948|1351,16||
|C405|04042011|1|9380|12585|10113163,66|18599|
|C420|01T1700|18599|1||
|C425|040173|1|UN|969|6,3|29,07|
|C425|220590|1|UN|999|6,49|29,97|
|C425|050890|1|UN|2100|13,65|63|
|C425|040233|1|UN|2390|15,54|71,7|
|C425|031100|1|UN|549|3,57|16,47|
|C425|031160|1|UN|1769|11,5|53,07|
|C425|030133|1|UN|1799|11,69|53,97|
|C425|040133|1|UN|769|5|23,07|
|C425|040103|2|UN|2858|18,58|85,74|
|C425|030553|1|UN|1049|6,82|31,47|
|C425|030383|1|UN|1349|8,77|40,47|
|C425|030303|1|UN|1999|12,99|59,97|
|C490|000|5102|17|18599|18599|3161,83||
|C405|05042011|1|9384|12592|10117350,66|4187|
|C420|01T1700|4187|1||
|C425|040290|1|UN|1099|7,14|32,97|
|C425|031190|1|UN|999|6,49|29,97|
|C425|220133|1|UN|1939|12,6|58,17|
|C425|702210|1|UN|150|0,98|4,5|
|C490|000|5102|17|4187|4187|711,79||
|C405|06042011|1|9393|12604|10128656,66|11306|
|C420|01T1700|11306|1||
|C425|180790|1|UN|1999|12,99|59,97|
|C425|680150|1|UN|89|0,58|2,67|
|C425|890560|1|UN|199|1,29|5,97|
|C425|910900|1|UN|49|0,32|1,47|
|C425|902511|1|UN|99|0,64|2,97|
|C425|030133|1|UN|1650|10,73|49,5|
|C425|040360|1|UN|399|2,59|11,97|
|C425|040173|1|UN|999|6,49|29,97|
|C425|030850|1|UN|2374|15,43|71,22|
|C425|030830|1|UN|2469|16,05|74,07|
|C425|030363|1|UN|980|6,37|29,4|
|C490|000|5102|17|11306|11306|1922,02||
|C405|07042011|1|9403|12617|10137875,66|9219|
|C420|01T1700|9219|1||
|C425|030460|1|UN|1399|9,09|41,97|
|C425|030553|1|UN|1049|6,82|31,47|
|C425|040173|1|UN|1129|7,34|33,87|
|C425|040290|1|UN|1099|7,14|32,97|
|C425|040383|1|UN|699|4,54|20,97|
|C425|040440|2|UN|848|5,51|25,44|
|C425|290053|1|UN|229|1,49|6,87|
|C425|950330|1|UN|2399|15,59|71,97|
|C425|680940|1|UN|49|0,32|1,47|
|C425|180253|1|UN|319|2,07|9,57|
|C490|000|5102|17|9219|9219|1567,23||
|C405|13042011|1|9404|12632|10141473,66|3598|
|C420|01T1700|3598|1||
|C425|030143|1|UN|1899|12,34|56,97|
|C425|030940|1|UN|1699|11,04|50,97|
|C490|000|5102|17|3598|3598|611,66||
|C405|19042011|1|9408|12562|10145464,66|3991|
|C420|01T1700|3991|1||
|C425|030130|1|UN|1899|12,34|56,97|
|C425|180280|1|UN|89|0,58|2,67|
|C425|290190|1|UN|55|0,36|1,65|
|C425|031150|1|UN|825|5,36|24,75|
|C425|040143|1|UN|919|5,97|27,57|
|C425|330020|1|UN|105|0,68|3,15|
|C425|090010|1|UN|99|0,64|2,97|
|C490|000|5102|17|3991|3991|678,47||
|C405|25042011|1|9411|12661|10149357,66|3893|
|C420|01T1700|3893|1||
|C425|030850|1|UN|1125|7,31|33,75|
|C425|040423|1|UN|769|5|23,07|
|C425|180790|1|UN|1999|12,99|59,97|
|C490|000|5102|17|3893|3893|661,81||
|C405|26042011|1|9413|12666|10150428,66|1071|
|C420|01T1700|1071|1||
|C425|030093|1|UN|1012|6,58|30,36|
|C425|150050|1|UN|59|0,38|1,77|
|C490|000|5102|17|1071|1071|182,07||
|C405|28042011|1|9415|12675|10152658,66|2230|
|C420|01T1700|2230|1||
|C425|031073|1|UN|1846|12|55,38|
|C425|100200|1|UN|384|2,5|11,52|
|C490|000|5102|17|2230|2230|379,1||
|C990|1781|
|D001|0|
|D100|0|1|800007034|08|00|U||012185||04042011|26042011|||123,53||2|123,53|123,53|4,72||||
|D190|000|2353|3,82|123,53|123,53|4,72|0||
|D100|0|1|800007034|08|00|U||012230||05042011|15042011|||74,03||2|74,03|74,03|2,84||||
|D190|000|2353|3,84|74,03|74,03|2,84|0||
|D100|0|1|800007034|08|00|U||012815||06042011|18042011|||105,90||2|105,90|105,90|4,05||||
|D190|000|2353|3,82|105,90|105,90|4,05|0||
|D100|0|1|800006976|08|00|U||021972||07042011|30042011|||86,72||2|86,72|86,72|6,07||||
|D190|000|2353|7,00|86,72|86,72|6,07|0||
|D100|0|1|800007072|08|00|U||028939||08042011|30042011|||196,29||2|196,29|196,29|13,74||||
|D190|000|2353|7,00|196,29|196,29|13,74|0||
|D100|0|1|800006976|08|00|U||022036||12042011|30042011|||221,55||2|221,55|221,55|15,51||||
|D190|000|2353|7,00|221,55|221,55|15,51|0||
|D100|0|1|800006976|08|00|U||022045||14042011|30042011|||139,35||2|139,35|139,35|9,75||||
|D190|000|2353|7,00|139,35|139,35|9,75|0||
|D100|0|1|800006976|08|00|U||022095||18042011|30042011|||207,91||2|207,91|207,91|14,55||||
|D190|000|2353|7,00|207,91|207,91|14,55|0||
|D100|0|1|800007034|08|00|U||013423||19042011|30042011|||58,93||2|58,93|58,93|2,25||||
|D190|000|2353|3,82|58,93|58,93|2,25|0||
|D100|0|1|800006984|08|00|U||095780||14042011|30042011|||1013,22||2|1013,22|1013,22|121,59||||
|D190|000|2353|12,00|1013,22|1013,22|121,59|0||
|D100|0|1|800006985|08|00|U||095971||16042011|18042011|||1176,72||2|1176,72|1176,72|141,21||||
|D190|000|2353|12,00|1176,72|1176,72|141,21|0||
|D100|0|1|800006989|08|00|U||720236||06042011|26042011|||287,15||2|287,15|287,15|20,10||||
|D190|000|2353|7,00|287,15|287,15|20,10|0||
|D100|0|1|800006987|08|00|U||798298||25032011|11042011|||896,70||2|896,70|896,70|62,77||||
|D190|000|2353|7,00|896,70|896,70|62,77|0||
|D100|0|1|800007034|08|00|U||012782||06042011|15042011|||247,04||2|247,04|247,04|9,44||||
|D190|000|2353|3,82|247,04|247,04|9,44|0||
|D100|0|1|800006984|08|00|U||095972||16042011|18042011|||999,66||2|999,66|999,66|119,96||||
|D190|000|2353|12,00|999,66|999,66|119,96|0||
|D100|0|1|800007034|08|00|U||012816||06042011|26042011|||494,88||2|494,88|494,88|18,90||||
|D190|000|2353|3,82|494,88|494,88|18,90|0||
|D100|0|1|800006976|08|00|U||022042||13042011|30042011|||60,00||2|60,00|60,00|4,20||||
|D190|000|2353|7,00|60,00|60,00|4,20|0||
|D100|0|1|800007034|08|00|U||012842||07042011|25042011|||889,97||2|889,97|889,97|62,30||||
|D190|000|2353|7,00|889,97|889,97|62,30|0||
|D990|38|
|E001|0|
|E100|01042011|30042011|
|E110|59582,82|0|0|0|34037,97|0|15322,45|0|17888,59|0|0|0|7666,19|0|
|E111|CE020002|Crédito Antecipado|15322,45|
|E990|5|
|G001|1|
|G990|2|
|H001|1|
|H990|2|
|1001|0|
|1700|03|01|||119092|119094|201003857|
|1700|03|01|||119098|119099|201003857|
|1700|03|01|||119101|119104|201003857|
|1700|03|01|||119106|119115|201003857|
|1700|03|01|||119118|119124|201003857|
|1700|03|01|||119126|119134|201003857|
|1700|03|01|||119136|119146|201003857|
|1700|03|01|||119148|119153|201003857|
|1700|03|01|||119155|119159|201003857|
|1700|03|01|||119161|119174|201003857|
|1700|03|01|||119176|119180|201003857|
|1700|03|01|||119182|119198|201003857|
|1700|03|01|||119201|119202|201003857|
|1700|03|01|||119204|119218|201003857|
|1990|16|
|9001|0|
|9900|0000|1|
|9900|0001|1|
|9900|0005|1|
|9900|0100|1|
|9900|0150|47|
|9900|0190|7|
|9900|0200|672|
|9900|0220|7|
|9900|0500|1|
|9900|0990|1|
|9900|C001|1|
|9900|C100|190|
|9900|C170|746|
|9900|C190|193|
|9900|C400|2|
|9900|C405|34|
|9900|C420|43|
|9900|C425|528|
|9900|C490|43|
|9900|C990|1|
|9900|D001|1|
|9900|D100|18|
|9900|D190|18|
|9900|D990|1|
|9900|E001|1|
|9900|E100|1|
|9900|E110|1|
|9900|E111|1|
|9900|E990|1|
|9900|G001|1|
|9900|G990|1|
|9900|H001|1|
|9900|H990|1|
|9900|1001|1|
|9900|1700|14|
|9900|1990|1|
|9900|9001|1|
|9900|9900|40|
|9900|9990|1|
|9900|9999|1|
|9990|43|
|9999|2626|
