|0000|004|1|01052011|31052011|LOJAS CARROSSEL COMERCIO E REPRESENTACOES LTDA|23455967000163||CE|060730463|2304400|||B|1|
|0001|0|
|0005|LOJAS CARROSSEL|60125160|RUA VISCONDE DE MAUA|2085||ALDEOTA|8532614533||lojascarrossel@hotmail.com|
|0100|JOSE ADRIANO PONTES FEITOSA|26472830363|CE011117O6||60025100|RUA MAJOR FACUNDO|844|SALAS 42 E 44|CENTRO|8532532340||adrianofeitosa44@yahoo.com.br|2304400|
|0150|41|FUJITA ENGENHARIA LTDA|1058|72570740000174||069144869|2304400||AV.DESEMBARGADOR MOREIRA|2120||ALDEOTA|
|0150|2836|CASA MAGALHAES AUTOMACAO LTDA|1058|07128945000132||068464916|2304400||RUA LUIZA MIRANDA COELHO||800 BLOCO 01 S01|LUCIANO CAVALCANTE|
|0150|3143|NISSEI VEICULOS LTDA|1058|69366524000105|||2304400||Av JosÚ Bastos|777||Jacarecanga|
|0150|6233|IDIBRA PARTICIPACOES LTDA|1058|06258768000731||062964763|2304400||AV.WASHINGTON SOARES,900 - AGUA FRIA|900||AGUA FRIA|
|0150|6251|UNIMED FORT. SOCIEDA.COOPERAT.MEDICA LTDA|1058|05868278000280|||2304400||Av Visconde do Rio Branco|4000||SAO JOAO DO TAUAPE|
|0150|17967|NOVA FIBRA ENGENHARIA LTDA|1058|12105189000166|||2304285||R DINAMARCA 02 QD.P1 LOTE 02||AVENIDA PARNAMIRIM 1|Centro|
|0150|100003254|VTI SERV.COM.E SOL.EM TEC.DA INFORM|1058|07836401000125||062025805|2304400||R Tibúrcio Cavalcante|1573||Meireles|
|0150|800006019|LUSITANIA EMP.TURISTICOS LTDA|1058|03586356000228||063211068|2304400||Av Beira Mar|2600||Meireles|
|0150|800006211|NST NUCLEO DE SAUDE DE TRAB.CLIN.ME|1058|11519356000152|||2312403||R FRANCISCO NUNES DE OLIVEIRA|333|FRANCISCO NUNES DE O||
|0150|800006974|ESMALTEC S A|1058|02948030000230||063050536|2307650||AVENIDA PARQUE OESTE|2130||DISTRITO INDUSTRIAL|
|0150|800006976|CONEXAO TRANSPORTES DIST E LOG LTDA|1058|63318604000281|||3518800||R Rua Paschoal Ricci|30||Jardim Presidente Dutra|
|0150|800006977|LOJAS CARROSSEL COMERCIO E REPRESENTACOES LTDA|1058|23455967000163|||2304400||RUA VISCONDE DE MAUA,2085 ALDEOTA|||ALDOTA|
|0150|800006983|WHIRLPOOL S.A.|1058|59105999006036||033829900|2607901||Av . Eixo da integracao|689||Bloco C2-C3|
|0150|800006984|MLOG ARMAZEM GERAL LTDA-GUARARAPES|1058|05117268000989||18158003410011|2607901||AV.EIXO DA INTEGRACAO, 689 - Bloco C2-C3||BL.D.GLD5 SALA 01||
|0150|800006985|MABE BRASIL ELETRODOMESTICOS LTDA|1058|60736279001250||748018519117|3519071||PQ PARQUE INDUSTRIAL BS CONTINEN|||JD.SAO CAMILO|
|0150|800006986|WHIRPOOL S.A|1058|59105999003959||250050889|4209102||DONA FRANCISCA|7200||INDUSTRIAL|
|0150|800006987|MLOG ARMAZEM GERAL LTDA-JLLE|1058|05117268000806||255247770|4209102||DONA FRANCISCA 7200||||
|0150|800006989|MLOG ARMAZEM GERAL LTDA-RC|1058|05117268000555||587274102112|3543907||AV. 80-A 77||||
|0150|800006994|ZAIRTON GASPAR DE OLIVEIRA FILHO|1058||12211680372||2304400||R R.BARBOSA DE FREITAS 171 APTO 500|||MEIRELES|
|0150|800006996|ALIMPORT DIST.IND.UTILID.DOMES.LTDA|1058|02169801000100||114898724110|3550308||R Cruzeiro|443|||
|0150|800007034|MLS TRANSP. E CARGAS LTDA|1058|11114508000218||336249093118|3518800||AV. JUSTINO DE MAIO, 840|840||Cidade Industrial SatÚlit|
|0150|800007040|FULL FIT IND.IMPORT. COM. LTDA|1058|60963378000112||105886513118|3550308||Av Thomás Edison|956|||
|0150|800007042|IRMAOS FISCHER S/A IND.E COM.|1058|82984287000104||250176475|4202909||RD Antônio Heil|5600||Limoeiro|
|0150|800007097|CENTRO DE EST.EM DIABETES E HIPERT.|1058|05952399000124|||2304400||R Doutor JosÚ Lourenço|2434||Joaquim Távora|
|0150|800007100|CENTRO DE INT.PSICOSOCIAL DO CEARA|1058|11822392000190|||2304400||R Oliveira Filho|3320||Vicente Pinzon|
|0150|800007102|CENTRO TECNICO ELET.DUSO LTDA|1058|07830235000150||060115815|2304400||R. Pinto Madeira|1264||Centro|
|0150|800007103|ROYAL CONSTRU?OES E INC.LTDA|1058|04683923000146|||2304400||R Alves de Lima|1076||Cristo Redentor|
|0150|800007104|FUNTELC|1058|09470303000142|||2304400||R Osvaldo Cruz|1985||Meireles|
|0150|800007105|ARC.INTERNACIONAL B.I.D.A.M.D. LTDA|1058|07666326000100||149394866115|3550308||AL Santos|745||Cerqueira CÚsar|
|0150|800007106|MARQUISE 1 EMP.IMOBILIARIOS SPE LTD|1058|11621289000182|||2304400||Av Pontes Vieira|1838||Tauape|
|0150|800007107|CONDOMINIO DELTA VILLE|1058|41655028000144|||2304400||R Dom Expedito Lopes|2360||Dionisio Torres|
|0150|800007109|CARLOS AUGUSTO DA ROCHA PEREIRA|1058||00143863304||2304400||R Nunes Valente|2604||Dionisio Torres|
|0150|800007110|RAIMUNDA IOLANDA LOPES E CIA LTDA|1058|06869291000135|||2304400||R Pereira Filgueiras|1931||Centro|
|0150|800007112|A&N CONSULTORIA EMPRESARIAL LTDA|1058|09318740000145|||2304400||Av Senador Virgílio Távora|1901||Meireles|
|0150|800007113|FUNDACAO TERRA|1058|12658530000100|||2601201||R Alfredo de Souza Padilha||S/N|São Cristóvão|
|0150|800007114|CONDOMINIO EDIFICIO JOSE LOUREN?O|1058|23555261000173|||2304400||R Doutor JosÚ Lourenço|1931||Aldeota|
|0150|800007119|AVILAZIR BANDEIRA DE MELO|1058||03640337387||2304400||R Marcos MacÛdo|130||Aldeota|
|0150|800007120|INTER ALTERNATIVA FOM. COMERCIAL LTDA|1058|73575177000190|||2304400||R MOMBAÇA|915|SALA 03|Centro|
|0150|800007121|ISRAEL RODRIGUES DE PAULO JUNIOR|1058||73435316381||2304400||R da Paz|199||Meireles|
|0150|800007122|ELIAS DA SILVA CAVALCANTE|1058||08598127159||2304400||R Porto Alegre|549||Henrique Jorge|
|0150|800007123|JOAQUIM COSTA ROLIM|1058||96542868070||2301000||R VIA LOCAL|102|CONDOMINIO GRAN SOL|Centro|
|0150|800007125|ANTONIO ORDONES PEREIRA DE SOUSA|1058||25728372856||2311702||R Monsenhor JosÚ Ataíde de Vasconcelos||||
|0150|800007126|ERNANI JORGE PIRIS PRATA|1058||15464113304||2304400||R República do Líbano|992||Meireles|
|0150|800007127|ANTONIO DEROSA|1058||67206140378||2307254||Av Manoel Teixeira|2||Centro|
|0150|800008026|LOJAS CARROSSEL COM. E REP.LTDA|1058|23455967000597||066697743|2304400||WASHINGTON SOARES||85 TERREO L.58A085|Edson Queiroz|
|0150|800008028|WHIRLPOOL S.A.|1058|59105999000348||587083307116|3543907||Av 80 A|777||Distrito Industrial|
|0150|800008039|CLINICA TRAJANO ALMEIDA|1058|07908080000127|||2304400||Av Dom Luís|200||Meireles|
|0150|800008040|FORTALEZA ATLANTICO HOTEIS UNDA|1058|07413279000184||061824585|2304400||Av Beira Mar|2500||Meireles|
|0150|800008041|VILLAGIO MARAPONGA INC.SPE LTDA|1058|10372321000170|||2304400||R Antônio Divino|325||Mondubim|
|0150|800008042|MV INDUSTRIA E COMERCIO DE PLASTICOS LTDA|1058|10724743000168||063814374|2304400||RUA ANTONIO ACIOLY||1047A|ITAPERY|
|0150|800008043|HOUSEKEEPING SERVICOS EM HOTEIS LTDA|1058|00564073000106|||2305233||R. ANALIO JOSE DA SILVA|256||MUNDO NOVO|
|0150|800008044|ROCHA ENG.E PROJ.AEROP.LTDA|1058|07628737000100|||2304400||Av Antônio Sales|1317||Joaquim Távora|
|0150|800008045|JOSE GOMES DE CARVALHO|1058||38177783416||2304400||R Bento Albuquerque|536||Papicu|
|0150|800008046|FRANCISCO CARLOS M.DE ALMEIDA|1058||12786558670||2304285||AV LITORANEA|58|RUA JERICOAQUARA 50|Centro|
|0150|800008047|STEVE KACZMARCZYK|1058||98323482268||2303709||R SuÚcia||COBERTURA|Cumbuco|
|0150|800008048|JONAS GOES|1058||92336803801||2304400||R Delmiro de Farias|175||Jardim AmÚrica|
|0150|800008049|ANDREA CASTRO VER?OSA|1058||14427641202||2304400||R Andrade Furtado|1100||Papicu|
|0190|UN|unidad|
|0190|PC|pacote|
|0190|UD|unidade|
|0190|1|UNIDADE|
|0190|PEC|pecote|
|0190|JG|jogo|
|0190|CJ|conjunto|
|0200|030053|REF.BRASTEMP F.FREE 420L BRM42 BR|||UN|00||||||
|0200|030130|REF.BRASTEMP F.FREE 352L BRM39 INOX|||UN|00||||||
|0200|030133|REF.BRASTEMP F.FREE 352L BRM39 BR|||UN|00||||||
|0220|PC|1,000|
|0200|030253|SEC.BRASTEMP/PISO ROTAT.BSR10A BR|||UN|00||||||
|0200|030303|LAVALOUCA BRASTEMP 12SERV.BLE12 BR|||UN|00||||||
|0200|030333|LAVAROUPA BRASTEMP 11KG BWL11 INOX|||UN|00||||||
|0200|030363|LAVAROUPA BRASTEMP 8KG BWB08A|||UN|00||||||
|0200|030373|LAVAROUPA TOTAL BRASTEMP 9KG BWL09A|||UN|00||||||
|0200|030383|LAVAROUPA BRASTEMP 11Kg BWL11 BR|||UN|00||||||
|0200|030433|FOGAO BRASTEMP CLEAN 4B BFO50BB BR|||UN|00||||||
|0200|030443|FOGAO BRASTEMP CLEAN 6B BFO76BB BR|||UN|00||||||
|0200|030450|FOGAO BRASTEMP CLEAN 4B BFO50 INOX|||UN|00||||||
|0200|030460|FOGAO BRASTEMP CLEAN 6B BFO76 INOX|||UN|00||||||
|0200|030483|AR SPLIT BRASTEMP 12000BTU BBV12/BBY12|||UN|00||||||
|0200|030523|DEPURADOR BRASTEMP DE VILLE 4B BAA60|||UN|00||||||
|0200|030533|DEPURADOR BRASTEMP DE VILLE 6B BAA80|||UN|00||||||
|0200|030543|DEPUR.BRASTEMP QUALITY 4B XAT60 INOX|||UN|00||||||
|0200|030553|DEPUR.BRASTEMP QUALITY 6B XAT80 INOX|||UN|00||||||
|0200|030910|COOKTOP BRASTEMP 5B GAS VIDRO BDD76|||UN|00||||||
|0200|030960|ADEGA BRASTEMP 12GARRFAS BZC12 PRETA|||UN|00||||||
|0200|031073|FOG.BRAST.ATIVE EMB.5B TIME BY776 BR|||UN|00||||||
|0200|031130|COIFA BRASTEMP BAI91 INOX|||UN|00||||||
|0200|031170|FOG.BRASTEMP ATIVE 5B EMB. BY776 INOX|||UN|00||||||
|0200|040013|REF.CONSUL F.FREE 360L CRB36 BR|||UN|00||||||
|0200|040053|REF.CONSUL 360L DUPLEX CRD36F BR|||UN|00||||||
|0200|040103|FREEZER CONSUL 260L CVU26D BR|||UN|00||||||
|0200|040133|FRIGOBAR CONSUL 120L CRC12A BR|||UN|00||||||
|0200|040173|FREEZER CONSUL 200L CVU20D BR|||UN|00||||||
|0220|PC|1,000|
|0200|040183|FREEZER CONSUL 100LTS CVT10B BRANCO|||UN|00||||||
|0200|040213|REF.CONSUL F.FREE 330L CRM33A BR|||UN|00||||||
|0200|040223|REF.CONSUL F.FREE 370L CRM37 BR|||UN|00||||||
|0200|040250|AR COND.CONSUL 7500 CCN07 C/CONT.|||UN|00||||||
|0200|040280|AR COND.CONSUL 12000 CCY12A C/CONTROLE|||UN|00||||||
|0200|040290|AR COND.CONSUL 10000 CCN10 C/CONT.|||UN|00||||||
|0200|040340|AR CONDICIONADO CONSUL 18000 CCI18C|||UN|00||||||
|0200|040383|FOG.CONSUL FACILITE 4B CF550 INOX|||UN|00||||||
|0200|040393|FOG.CONSUL FACILITE 6B CF576 INOX|||UN|00||||||
|0200|040423|LAVAROUPA CONSUL 7KG CWI07 BR|||UN|00||||||
|0200|040430|DEPURADOR CONSUL 4B CAT60 INOX|||UN|00||||||
|0200|040440|DEPURADOR CONSUL 6B CAT80 INOX|||UN|00||||||
|0200|040550|ASPIRADOR PO CONSUL LEVE C7P13B|||UN|00||||||
|0220|PC|1,000|
|0200|070420|TV CCE 14" TELA PLANA TV-1418|||UN|00||||||
|0200|090220|CENTRIFUGA NKS TSK445 BRANCA|||UN|00||||||
|0200|090240|GRILL/SANDUICHEIRA NKS I-15 PRETA/IN|||UN|00||||||
|0200|100030|FOGAO ESMALTEC SAMOA 4B INOX 4013|||UN|00||||||
|0220|UD|1,000|
|0200|100160|GELAGUA ESMALTEC EGC35B INOX PR|||UN|00||||||
|0200|100200|GELAGUA COLUNA ESMALTEC EGC35B|||UN|00||||||
|0200|100210|GELAGUA MESA ESMALTEC EGM30 BR|||UN|00||||||
|0200|101420|PRATO CARINE SOBREM.LUMINARC D2366|||UN|00||||||
|0200|101510|PRATO CARINE RASO LUMINARC D2373/67|||UN|00||||||
|0200|120020|LIQUIDIFICADOR C/FILTRO MONDIAL L-51|||UN|00||||||
|0200|120080|VENTILADOR COLUNA 40CM MONDIAL V-61|||UN|00||||||
|0200|120090|VENTILADOR 30CM MONDIAL NV-31|||UN|00||||||
|0200|150040|VENTILADOR MALLORY BOREAL 30CM|||UN|00||||||
|0220|1|1,000|
|0200|150070|SANDUICHEIRA MALLORY GRILLMAX|||UN|00||||||
|0200|180203|F.MIC.PANASONIC FAMILY 35L NN-ST669|||UN|00||||||
|0200|180260|F.MI.PANASONIC PICCOLO NN-ST359 PRATA|||UN|00||||||
|0200|180280|TEL.S/FIO PANASONIC KXTG1371(1,9GHz)|||UN|00||||||
|0200|180290|TELEF.BINA PANASONIC KXTG1381(1,9GHZ)|||UN|00||||||
|0200|180580|RAMAL/SECRET.PANASONIC KX-TG6522|||UN|00||||||
|0200|180590|TEL.RAMAL/BINA PANASONIC KX-TG6512|||UN|00||||||
|0200|180600|TV PANASONIC LED 42" TC-L42E5BG|||UN|00||||||
|0200|180700|TV PANASONIC PLASMA 5O" 3D TC-P50UT50B|||UN|00||||||
|0200|180770|TV PANASONIC LCD DTV 32" TC-L32C30B|||UN|00||||||
|0200|180920|SUPORTE P/TV LCD 17"A 60" FIXO|||UN|00||||||
|0200|180930|SUPORTE P/TV LCD 26"A 32" ARTICULADO|||UN|00||||||
|0200|220143|LAVAROUPA ELECTROLUX 6KG LTE06|||UN|00||||||
|0200|220370|FOG.ELECTROLUX 2xFORNO 4B INOX 56DTX|||UN|00||||||
|0200|290060|FORNO ELETRICO SUGGAR 23L FE2322 INOX|||UN|00||||||
|0200|290190|SANDUICHEIRA SUGGAR SD-2022|||UN|00||||||
|0200|290220|LIQUID.SUGGAR LIQMAX LQ2222|||UN|00||||||
|0200|290230|GRILL COOK PRESS SUGGAR GR2042|||UN|00||||||
|0200|290260|JARRA ELETRICA SUGGAR JR1002|||UN|00||||||
|0200|330050|FERRO WALITA AUTOMATICO RI133|||UN|00||||||
|0200|330090|BATEDEIRA WALITA RI7110|||UN|00||||||
|0200|330150|LIQUID. WALITA ALUMINIO RI2094|||UN|00||||||
|0200|330210|LIQUID. WALITA 2V RI2008|||UN|00||||||
|0200|330250|SANDUIC.WALITA GRILL 2386 PANINI|||UN|00||||||
|0200|500561|PICADOR/CEBO.BLACK WHITE MIMO SF9213|||UN|00||||||
|0200|501850|LIXEIRA TELA 26CM MIMO ALX03|||UN|00||||||
|0200|502181|BANDEJA RETANG.INOX PQ.MIMO BJ1102|||UN|00||||||
|0200|502201|BAND./ALCA OVAL INOX GR MIMO BJ1106|||UN|00||||||
|0200|502371|SUPORTE/PAREDE/UTENS.MIMO ASA9157|||UN|00||||||
|0200|502383|PRENDEDOR/ALIM.SILIC.4PC.MIMO SN1064|||UN|00||||||
|0200|650200|PROTETOR P/GARRAFAO AQUAXIQUE|||UN|00||||||
|0200|660090|GARRAFA TERM.SAMBA QUICK 1L COLOR|||UN|00||||||
|0200|700590|AFIADOR FACAS HUDSON FK42181|||UN|00||||||
|0200|810170|JG.AMERICANO DIVERSO EDFORT 6PCS|||UN|00||||||
|0200|813370|BALDE P/PIPOCA PLAST.EDF.GRANDE SX96|||UN|00||||||
|0200|840970|PRATO GITATORIO 40CM BENC.74106|||UN|00||||||
|0200|890210|JG.6PANELAS TRAMONT.INOX 65510/200|||UN|00||||||
|0200|900840|MOEDOR PIMENTA E SAL ACRI.FULL.15407|||UN|00||||||
|0200|910710|SALADEIRA KING RICAELLE PM7B/12|||UN|00||||||
|0200|910781|JG.6TACAS CLAUDIA V.TINTO RICAELLE|||UN|00||||||
|0200|910782|JG.6TACAS CLAUDIA V.BRANCO RICAELLE|||UN|00||||||
|0200|910784|JG.6TACAS CLAUDIA LICOR RICAELLE|||UN|00||||||
|0200|940390|CAPA P/MAQUINA DE LAVAR KOUNTRY|||UN|00||||||
|0200|950310|CHURRASQ.ELET.FISCHER GRILL 4513|||UN|00||||||
|0200|950370|COIFA PARED FISCHER TALENT 90cm.5456|||UN|00||||||
|0200|950490|FORNO ELETRICO FISCHER 44L INOX 9982|||UN|00||||||
|0200|040123|FRIGOBAR CONSUL 80L CRC08A BR|||UN|00||||||
|0200|040570|ASPIRADOR PO CONSUL FACILITE C7P14A|||UN|00||||||
|0220|PC|1,000|
|0200|100220|GELAGUA MESA ESMALTEC EGM30 ESTILO|||UN|00||||||
|0200|104040|COPO P/AGUA KABALLA SORTIDOS 10240|||UN|00||||||
|0200|180380|MINI SYSTEM PANASONIC SC-AKX80|||UN|00||||||
|0200|950120|JG.AMERICANO 4PCS YOI AHG479|||UN|00||||||
|0200|030093|FREEZER BRASTEMP F.F 280L BVR28 BR|||UN|00||||||
|0200|030123|REF.BRASTEMP INVERSE 422L BRE50 INOX|||UN|00||||||
|0200|031120|COIFA BRASTEMP BAI60 INOX|||UN|00||||||
|0200|031160|FOG.BRAST.ATIVE 5B TIMER BF776 INOX|||UN|00||||||
|0200|031190|FOG.BRASTEMP.ATIVE 4B GRILL BF850 BR|||UN|00||||||
|0200|040203|REF.CONSUL F.FREE 330 CRM33 INOX|||UN|00||||||
|0200|050973|REF.BOSCH GLASS 445L KDN50X ESPELHO|||UN|00||||||
|0220|PEC|1,000|
|0200|051060|COOKTOP BOSCH 2B GAS INOX PCD-345C|||UN|00||||||
|0200|220133|LAVAROUPA ELECTROLUX 15KG LA15F|||UN|00||||||
|0200|270020|TV LG 23" LED/MONITOR FULL HD M2380A|||UN|00||||||
|0200|330030|LIQ.WALITA 3V FILTRO/ESPATULA RI2034|||UN|00||||||
|0200|502050|SUP/PAREDE/UTENS/6GANCH.MIMO SF9216|||UN|00||||||
|0200|702180|ESCORREDOR/PRATO/DOB.HUDSON PRCDD100|||UN|00||||||
|0200|760058|FRUTEIRA 30CM BRILHANTE 06/391/30|||UN|00||||||
|0200|810880|PEG.P/SALADA 28CM EDF.GL194|||UN|00||||||
|0200|813550|GARRAFA TERMICA 1L COLOR EDFORT GAF|||UN|00||||||
|0200|840240|JG.REFRESCO 7PÇS SQUARE BENC.64001|||UN|00||||||
|0200|890550|JG.PANELAS TRAMONT.5PCS 65650700|||UN|00||||||
|0200|500810|RALADOR 4FACES QUAD.8 MIMO ASA8|||UN|00||||||
|0200|040143|REF.CONSUL DEGELO SECO 300L CRA30 BR|||UN|00||||||
|0200|050840|DEP.BOSCH PROFESSIONAL 6B DHB845 INOX|||UN|00||||||
|0200|090280|FORNO ELETRICO NKS DKS-690|||UN|00||||||
|0200|500081|JG.4TACAS SILVER MARTINE MIMO TCS04|||UN|00||||||
|0200|680940|QUEIJEIRA VERONA SOYUS|||UN|00||||||
|0200|702210|JG.JANTAR REDONDO 20PCS HUDSON GL116|||UN|00||||||
|0200|840620|PRATO GIRAT.35CM BENC.740|||UN|00||||||
|0200|840980|PRATO GITATORIO 45CM BENC.74107|||UN|00||||||
|0200|902680|TABUA P/CORTE/BAMBU 30X20 FULL 13508|||UN|00||||||
|0200|180390|DVD HOME THEATER PANASONIC SC-PT580LB|||UN|00||||||
|0200|811610|GARFO TRICHANTE EDF. 1915-6|||UN|00||||||
|0200|100053|FOGAO ESMALTEC HAWAII 6B 6005 BR|||UN|00||||||
|0200|220303|REF.ELECTROLUX F.FREE DF50 BR|||UN|00||||||
|0200|501110|FAQUEIRO 72PCS MIMO MAL.AT72A/AT1072A|||UN|00||||||
|0200|502202|BAND.REDONDA/ALCA INOX MIMO BJ1107|||UN|00||||||
|0200|950300|CHURRASQ.ELET.FISCHER SWIFT 4665|||UN|00||||||
|0200|090350|PRESS GRILL TP/VIDRO NKS TSK-2161|||UN|00||||||
|0200|900121|CANECA INOX P/VIAGEM FULL 13921|||UN|00||||||
|0200|902482|ESCORREDOR 32X22 GRANDE FULL 2006|||UN|00||||||
|0200|050543|FOGAO CONT.PERFETTO 4B FSF12 BR|||UN|00||||||
|0200|050830|DEP.BOSCH PROFESSIONAL 4B DHB645 INOX|||UN|00||||||
|0200|101320|PRATO FUNDO PEPS LUMINARC 63376|||UN|00||||||
|0200|120050|GRILL PREMIUM MONDIAL G-01|||UN|00||||||
|0200|150320|TORRADEIRA MALLORY TOSTARE CHROMA|||UN|00||||||
|0200|180253|F.MIC.PANASONIC PERFECT NN-ST568|||UN|00||||||
|0200|180263|F.MIC.PANASONIC PICCOLO NST369 LIGHT|||UN|00||||||
|0200|290180|FERRO SECO SUGGAR FR-3522|||UN|00||||||
|0200|330020|LIQUIDIFICADOR WALITA 3V RI2035/00|||UN|00||||||
|0200|330240|ESPREMEDOR|||UN|00||||||
|0200|531310|RELOGIO PAREDE 17,5CM ROG.9826|||UN|00||||||
|0200|670890|AGUA PERFUMADA P/AMBIENTE 230ML|||UN|00||||||
|0200|701420|MINI LIMPADOR HUDSON EV-FGR-M|||UN|00||||||
|0200|850050|CHAPA DUPLA FACE 280X230 FUMIL|||UN|00||||||
|0200|900570|ESPONJA P/LAVAR 25CM FULL 20076|||UN|00||||||
|0200|902230|GARRAFA P/AGUA 1000ML FULL 14893|||UN|00||||||
|0200|902270|FRIG.WOK TP/VIDRO 32CM FULL 13892|||UN|00||||||
|0200|060210|BIC.ERGOMETRICA CALOI CLASSIC CLB10|||UN|00||||||
|0200|030293|LAVALOUCA BRASTEMP 8SERV.BLE20 BR|||UN|00||||||
|0200|030880|REF.BRASTEMP F.FREE 470L BRM47 INOX|||UN|00||||||
|0200|040233|REF.CONSUL F.FREE 450L CRM45 INOX|||UN|00||||||
|0200|050553|FOGAO CONT. PERFETTO 6B FSK12 BR|||UN|00||||||
|0200|050683|REFRIG. CONTINENTAL 270L RC27 BR|||UN|00||||||
|0200|051070|COOKTOP BOSCH 2B VITROCERAMIC PKC345|||UN|00||||||
|0200|051220|FOG.BOSCH STYLE GRILL 4B HSF43I INOX|||UN|00||||||
|0200|051320|FOGAO BOSCH EXPR.GRIL 5B EM.INOX HEK|||UN|00||||||
|0200|090010|FORNO ELETRICO NKS DKS-650C|||UN|00||||||
|0200|100013|FOGAO ESMALTEC CARIBE 4B BR|||UN|00||||||
|0200|180900|BARBEADOR PANASONIC ES7101/ESRT31|||UN|00||||||
|0200|680150|PRATO BRAS.P/BOLO C/TAMPA 28CM SOYUS|||UN|00||||||
|0200|710280|ESCORREDOR 20PRATOS MAKINOX COLOR|||UN|00||||||
|0200|900120|COPO P/VIAGEM FULL 13627 AZUL|||UN|00||||||
|0200|902650|ESCOVA/BANHEIRO/SUP.PAPEL FULL 13015|||UN|00||||||
|0200|910010|PORTA TALHER C/TP RICAELLE 165|||UN|00||||||
|0200|500390|CAFETEIRA INOX P/6 XIC.MIMO AFA06|||UN|00||||||
|0200|701110|ABRIDOR 3X1 HUDSON EV31CS|||UN|00||||||
|0200|810520|ESPREMEDOR ALHO EDFORT GL120|||UN|00||||||
|0200|890120|FRIGID.ALUM.24CM TRAMONTINA COLOR|||UN|00||||||
|0200|040453|LAVAROUPA CONSUL 6KG CWI06 BR|||UN|00||||||
|0200|150050|LIQUIDIFICADOR MALLORY EXPERT 2V|||UN|00||||||
|0200|680660|SALADEIRA PANDORA 360 SOYUS|||UN|00||||||
|0200|740240|JG.P/VINHO 4PCS PALANI ZX928L|||UN|00||||||
|0200|150420|VENTILADOR MALLORY ZEFIRO 40CM|||UN|00||||||
|0200|101310|PRATO RASO PEPS LUMINARC 63371|||UN|00||||||
|0200|900283|SUPORTE P/FATIAR FULL.15048|||UN|00||||||
|0200|900671|JG.12GARFOS P/PETISCO FULL.16684|||UN|00||||||
|0220|JG|1,000|
|0200|660490|SALADEIRA 12CM M.CASS 0257|||UN|00||||||
|0200|040163|REF.CONSUL 241L DISPENSER CRP28B BR|||UN|00||||||
|0200|180550|DVD HOME THEATER PANASONIC SC-PT75LB|||UN|00||||||
|0200|200380|MINI SYSTEM PHILIPS MP3 FWM208|||UN|00||||||
|0200|902941|TESOURA MULTIUSO INOX FULL 15750|||UN|00||||||
|0200|980220|POTE RED.FREE/MIC PLASVALE 1,75L R443|||UN|00||||||
|0200|900690|P/RETRATO 13X18 INOX/BR.FULL 15167|||UN|00||||||
|0200|532430|JG.FAQ.WOLFF/CX/MAD.30PCS ROG.9992|||UN|00||||||
|0200|090120|RADIO AM/FM 4 FAIXAS NKS AC-118|||UN|00||||||
|0200|950262|BANDEJA 42X29 YOI GIRAFA/ZEBRA M|||UN|00||||||
|0200|900172|TABUA VID.BULL HOME 30X40 FULL 16250|||UN|00||||||
|0200|903562|P/RETRATO BABY PRAT.10X15 FULL 17078|||UN|00||||||
|0200|200390|DISC PLAYER PHILIPS BLUR-RAY BDP3100X|||UN|00||||||
|0200|330200|TORRADEIRA WALITA VIVA RI2630/50|||UN|00||||||
|0200|970310|FONDUE 10PCS INOX/ESCOV.CONTH.134624|||UN|00||||||
|0200|813660|CAIXA DECORATIVA EDFORT MEDIA SH23|||UN|00||||||
|0200|813661|CAIXA DECORATIVA EDFORT PEQ. SH23|||UN|00||||||
|0200|900201|ESPATULA/PINCEL SILIC.FULL 14764|||UN|00||||||
|0200|910950|PORTA GELO 15CM RICAELLE 97126/150|||UN|00||||||
|0200|911040|SALADEIRA RONA 24CM RICAELLE 5150/240|||UN|00||||||
|0200|940360|AVENTAL AFLANELADO JAQUES 002|||UN|00||||||
|0200|103260|JOGO SALEIRO/PIMENTEIRO J.F.C|||UN|00||||||
|0200|500083|JG.4TACAS SILVER CHAMPANHE MIMO TCS02|||UN|00||||||
|0200|850070|CHAPA C/ALCA FUMIL 460X250|||UN|00||||||
|0200|501480|TRAVESSA PEIXE 37CM MIMO PB931|||UN|00||||||
|0200|250303|LAVAROUPA GE 8KG DIGITAL FRIA LVGE08|||UN|00||||||
|0200|270010|TV SANSUNG 20" LCD/MONITOR 2033M|||UN|00||||||
|0200|030143|FREEZER BRASTEMP 240L BVG24G BR|||UN|00||||||
|0200|030830|FREEZER BRASTEMP F.F 280L BVR28 INOX|||UN|00||||||
|0220|PC|1,000|
|0200|030850|REF.BRASTEMP ALL 360L BRF36 INOX|||UN|00||||||
|0200|031110|F.MIC.BRASTEMP KING SIZE 38L BMX40 INOX|||UN|00||||||
|0200|031180|FOG.BRASTEMP 5B GOURMAND BF976 INOX|||UN|00||||||
|0200|070430|TV CCE 21" TELA PLANA TV2118|||UN|00||||||
|0200|103110|KIT.RODO,BALDE,REFIL,ROTECSUL|||UN|00||||||
|0200|103120|REFIL P/RODO ROTECSUL|||UN|00||||||
|0200|104020|COPO LONG DRINK KABALLA 10150|||UN|00||||||
|0200|180190|F.MIC.PANASONIC FLAT PANAG.NNGF580 PR|||UN|00||||||
|0200|180243|F.MIC.PANASONIC STYLE NNGD587 INOX|||UN|00||||||
|0200|180320|TELEFONE PANASONIC KX-TS9LBW|||UN|00||||||
|0200|200370|MICRO SYSTEM PHILIPS MCM-166X/78|||UN|00||||||
|0200|200480|RADIO CD PHILIPS MP3 AZ-302S|||UN|00||||||
|0200|250520|ADEGA GE P/23 GARRAFAS AVGEP23|||UN|00||||||
|0200|290033|DEPURADOR SUGGAR SIRIUS 4B DS62 BR|||UN|00||||||
|0200|290053|DEPURADOR SUGGAR SIRIUS 6B DS82 BR|||UN|00||||||
|0200|290250|BATEDEIRA BATPLUS SUGGAR BT9022 INOX|||UN|00||||||
|0200|290310|VENTILADOR TORRE SUGGAR 74CM VE7422|||UN|00||||||
|0200|502070|JG.POTES RED. MIMO 4PCS VD9193|||UN|00||||||
|0200|502391|DESCANSO/UTENSIL.SILIC.MIMO SN1069|||UN|00||||||
|0200|660230|GARRAFA TERM.MELODY QUICK 1L COLOR|||UN|00||||||
|0200|880260|FRIGIDEIRA DUPLA 18 MULTIFLON 55118|||UN|00||||||
|0200|902171|JG.JANTAR PORC.42PCS RAIN FUL.15416|||UN|00||||||
|0200|902511|JG.6TACAS SOBREMESA VEGA FULL 56589|||UN|00||||||
|0200|902740|JG.6GARFOS/PETISCO SORT.FULL 1415|||UN|00||||||
|0200|950330|COIFA ISLAND FISCHER 5455|||UN|00||||||
|0200|500082|JG.4TACAS SILVER P/AGUA MIMO TCS02|||UN|00||||||
|0200|031020|FOG.BRASTEMP ATIVE MAX.4B INOX BF760AR|||UN|00||||||
|0200|031150|FOG.BRASTEMP ATIVE 5B GRILL BF876 BR|||UN|00||||||
|0200|051110|COOKTOP BOSCH 5B GAS INOX PCL755|||UN|00||||||
|0200|290270|FERRO MADRI SUGGAR S/FIO FR4022|||UN|00||||||
|0200|811030|COLHER/SORVETE EDFORT GL173|||UN|00||||||
|0200|812120|PINCA P/CHURRASCO 13CM EDF.GL204|||UN|00||||||
|0200|813440|MEDIDOR 600ML EDFORT GL321|||UN|00||||||
|0200|500610|FACA 23CM MIMO ASA39|||UN|00||||||
|0200|901100|JG.6XIC.CAFE CROM/PR FULL 70002|||UN|00||||||
|0200|900221|CHAMPANHEIRA BARCO PEQ.BR FULL 14462|||UN|00||||||
|0200|902580|COOLER P/LATINHA FULL 15789 PRETO|||UN|00||||||
|0200|890560|BAIXELA TRAMONT.COSMOS 7PCS 64310080|||UN|00||||||
|0200|910730|PETISQUEIRA KING RICAELLE PM012ST|||UN|00||||||
|0200|051210|FOG.BOSCH STYLE GRILL 5B HSK44I INOX|||UN|00||||||
|0220|PEC|1,000|
|0200|090130|RADIO RELOGIO AM/FM NKS GL-324|||UN|00||||||
|0200|501771|CESTO MED.RET.ALCA RETA MIMO YK9122|||UN|00||||||
|0200|660900|PETISQUEIRA PORC.5PCS M.SHOP 0249|||UN|00||||||
|0200|701590|PORTA SAPATOS/CABIDE HUDSON RI2546W|||UN|00||||||
|0200|900310|PROTETOR/DEDOS/FATIAR FULL 15060|||UN|00||||||
|0200|901830|JG.2TACAS SORVETE/COLHER FULL 14559|||UN|00||||||
|0200|030073|REF.BRASTEMP F.FREE 470L BRM47 BR|||UN|00||||||
|0200|701270|POTE RETANG.2DIV.HUDSON KX71596|||UN|00||||||
|0200|900710|MOEDOR SAL/PIMENTA FULL 13675|||UN|00||||||
|0200|840480|BANDEJA VIDRO/MAD.BENC.74050|||UN|00||||||
|0200|970230|JG.6 COPOS MULTICOLOR CONTHEY 128645|||UN|00||||||
|0200|103240|JOGO P/BANHEIRO 4PCS J.F.C|||UN|00||||||
|0200|902450|RECHAUD P/SOPA 4L FULL 13342|||UN|00||||||
|0200|903150|BOLSA TERMICA/PVC CABANAZ FULL 1614|||UN|00||||||
|0200|040460|CENTRIFUGA CONSUL SEC FACIL C2A05B|||UN|00||||||
|0200|902370|DISP.P/VINAGRE/OLEO FULL 14013|||UN|00||||||
|0200|103250|JOGO GALHETEIRO 5PCS J.F.C|||UN|00||||||
|0200|910810|JG.30 TACAS LAURA RICAELLE LA030|||UN|00||||||
|0200|970120|JG.JANTAR 20PCS 2FILETES D1442 CONTHEY|||UN|00||||||
|0200|970560|BANDEJA DE BAMBU CONTHEY D1458|||UN|00||||||
|0200|680920|CINZEIRO CANADA SOYUS|||UN|00||||||
|0200|900100|CEPO MAD.C/5FACA CAB/SAND.FULL 13029|||UN|00||||||
|0200|500622|RELOGIO PARED.BORDA FINO MIMO R10123|||UN|00||||||
|0200|502382|PRENDEDOR/EMB.SILIC.4PCS MIMO SN1063|||UN|00||||||
|0200|900461|POTE P/MANTIM.VIDRO TP.BR FULL 13372|||UN|00||||||
|0200|220590|SPLIT ELECTROLUX 9000BTU PE09F/PI09F|||UN|00||||||
|0200|740020|UVA ACRILICA MINI ARUANAM|||UN|00||||||
|0200|902283|CAÇAROLA PORC C/TP BR GR FULL 16194|||UN|00||||||
|0200|902281|CACAROLA PORC.C/TP BR PEQ.FULL 16192|||UN|00||||||
|0200|104030|COPO P/SUCO KABALLA SORTIDOS 10220|||UN|00||||||
|0200|220393|FOG.ELECTROLUX 2xFORNO 5B INOX 76DTX|||UN|00||||||
|0200|500171|CHALEIRA COLORIDA MIMO AJ101|||UN|00||||||
|0200|501300|RALADOR MIMO ASA16|||UN|00||||||
|0200|501780|CESTO PEQ.RET.ALCA OVAL MIMO YK9127|||UN|00||||||
|0200|502393|PINCEL SILIC.CB.ACRIL.MIMO SN1080|||UN|00||||||
|0200|530461|VASO SOLITARIO ROGEMAC NANCY 2350|||UN|00||||||
|0200|890360|FAQUEIRO LAGUNA 42PCS TRAMOT.66906/774|||UN|00||||||
|0200|890440|LIXEIRA C/PEDAL 3L INOX TRAM.94538/03|||UN|00||||||
|0200|950390|COOKTOP VIDRO 5B FISCHER TCHAMA 1743|||UN|00||||||
|0200|950460|COIFA PARED FISCHER TALENT 60cm.9347|||UN|00||||||
|0200|900060|FORMA P/OVO SILICONE FULL 1477|||UN|00||||||
|0200|031260|F.MIC.BRASTEMP OVEN GRIL 30L BMT45 INOX|||UN|00||||||
|0200|031263|F.MIC.BRASTEMP OVEN GRIL 30L BMF45 BR|||UN|00||||||
|0200|105100|CUSCUZEIRA GUINDER 7075|||UN|00||||||
|0200|500510|RALADOR PARA MESA 9" MIMO ASA09|||UN|00||||||
|0200|500580|ABRIDOR DE TAMPAS MIMO ASA38|||UN|00||||||
|0200|501270|PORTA GUARDANAPO MIMO AC703|||UN|00||||||
|0200|680930|PRATO P/BOLO VERONA SOYUS|||UN|00||||||
|0200|701460|JG.2CONES P/SORVETE HUDSON JO-05199|||UN|00||||||
|0200|120070|CENTRIFUGA JUICE MONDIAL CF-02|||UN|00||||||
|0200|500140|JG UTENCIL.C/7P?S(PAREDE)AS7A MIMO|||UN|00||||||
|0200|104200|TACA GIULIA 190ML KABALLA 10266|||UN|00||||||
|0200|104300|TACA GLORIA 400ML KABALLA 10268|||UN|00||||||
|0200|220100|AR COND ELECTROLUX 7500 EC07F|||UN|00||||||
|0200|700730|JG 3CLIPS/TRAVA HUDSON EVCLBC|||UN|00||||||
|0200|813560|GARRAFA TERMICA 1L EDFORT GAF12/14|||UN|00||||||
|0200|890500|JG. P/SERVIR OVAL 3PCS 64510184|||UN|00||||||
|0200|106130|BANDEJA DE CAMA BEHLING BC12|||UN|00||||||
|0200|500090|JG.UTENCIL.C/07PCS(GIRAT.)MIMO AS7|||UN|00||||||
|0200|500621|RELOGIO PARED.FAIXA ALUM.MIMO R10118|||UN|00||||||
|0200|501770|CESTO PEQ.RET.ALCA RETA MIMO YK9126|||UN|00||||||
|0200|180950|TV PANASONIC PLASMA 65" FHD TC-P65VT50B|||UN|00||||||
|0200|520440|BALDE GELO VINO CURVA ALIMP.B32514|||UN|00||||||
|0220|PC|1,000|
|0200|120030|MINIFORNO MONDIAL FR-02|||UN|00||||||
|0200|680360|TACA MILANO MEDIA SOYUS|||UN|00||||||
|0200|030083|REF.BRASTEMP F.FREE 490L BRM49 INOX|||UN|00||||||
|0200|105080|FRUTEIRA INOX 3 NIVEIS GUINDER 7297|||UN|00||||||
|0200|105301|FAQUEIRO INOX 42PCS GUINDER 42|||UN|00||||||
|0200|890590|PANEL.PRESSAO 4,5L TRAMONT.INOX 62513/223/222|||UN|00||||||
|0200|105101|CESTO P/COZI/FRIT.GUINDER 5873|||UN|00||||||
|0200|501890|EXTRATOR DE POLPA MIMO ASA30|||UN|00||||||
|0200|501940|SALEIRO/PIMENT.VIDRO/INOX MIMO VD40|||UN|00||||||
|0200|030183|REF.BRASTEMP F.FREE 490 L BRM49B BR|||UN|00||||||
|0200|106110|JG.6TABUAS/MART./CARANG.BEHLING TL2|||UN|00||||||
|0200|531380|VASO SOLITARIO ROGEMAC 2349|||UN|00||||||
|0200|180960|TV PANASONIC PLASMA 55" FHD TC-P55VT50B|||UN|00||||||
|0200|710300|ESCORREDOR 16P.CRISTAL MAKINOX|||UN|00||||||
|0200|810900|PEGADOR/MASSA 28CM EDFORT GL200|||UN|00||||||
|0200|104181|JARRA 1,5L KABALLA SORTIDOS 106|||UN|00||||||
|0200|105104|JG.POTES INOX 3PCS C/TP GUINDER 68|||UN|00||||||
|0200|813640|FACA P/QUEIJO EDFORT DECORADA GD12|||UN|00||||||
|0200|500123|SALEIRO/PIMENT.INOX MIMO 2PCS AQ04|||UN|00||||||
|0200|840122|PRATO P/BOLO PEDESTAL 34CM BENC.71035|||UN|00||||||
|0200|103030|TOALHA LAVABO BORDADA DECORADA|||UN|00||||||
|0200|890081|BANDEJA RETANGULAR TRAMONTINA 61529|||UN|00||||||
|0200|810281|CEPO C/6FACAS /TESOURA EDF GL 356|||UN|00||||||
|0200|500551|PORTA RETRATO ALUM.10X15 MIMO PF9107|||UN|00||||||
|0200|500555|PORTA RETRATO METAL 10X15 MIMO PF993|||UN|00||||||
|0200|105090|JG.FONDUE 23PCS GUINDER 7836|||UN|00||||||
|0200|105300|FAQUEIRO INOX 24PCS GUINDER 24|||UN|00||||||
|0200|660262|JG.4FACAS P/PATE PEROLA M.SHOP 30014|||UN|00||||||
|0200|030030|REF.BRASTEMP F.FREE 429L BRM48 INOX|||UN|00||||||
|0200|030100|REF.BRASTEMP F.FREE 429L BRM50 INOX|||UN|00||||||
|0200|030103|REF.BRASTEMP F.FREE 429L BRM50 BR|||UN|00||||||
|0200|100150|GELAGUA ESMALTEC EGC35 ESTILO COR|||UN|00||||||
|0200|101494|PUREBOX POTE QUAD. LUMIN. G3182|||UN|00||||||
|0200|180970|REF.PANASONIC INVERTER 473L NRB461YZ|||UN|00||||||
|0200|200510|DVD HOME THEATER PHILIPS HTS3181|||UN|00||||||
|0200|220570|F.MICROONDAS ELECTROLUX 45L ME47X IN|||UN|00||||||
|0200|290340|MIXER SUGGAR MX2022|||UN|00||||||
|0200|330010|LIQUID.WALITA 3V FILTRO PP RI2035/10|||UN|00||||||
|0200|330130|PROCESSADOR COMPACTO WALITA RI7620|||UN|00||||||
|0200|680390|TACA MARTINE PE BAIXO CRISTAL SOYUS|||UN|00||||||
|0200|680490|CONJUNTO EXECUTIVO SOYUS|||UN|00||||||
|0200|810382|BANDEJA QUADRAD.35CM EDF. PPB|||UN|00||||||
|0200|810422|JG.FORMA PORC.CORACAO EDF.VM US020|||UN|00||||||
|0200|811250|JG.3CASTICAIS EDF.TZS70 22.25.28|||UN|00||||||
|0200|812560|JG.4FACAS/TABUA EDFORT GL277|||UN|00||||||
|0200|812910|JG.2DESCANSO PANELA INOX EDF.GAL2|||UN|00||||||
|0200|813360|BALDE P/PIPOCA PLAST.EDF.MEDIO SX96|||UN|00||||||
|0200|820640|DOSADOR P/GARRAFA 2PCS QUAD.KCD9|||UN|00||||||
|0200|840431|JG.FONDUE 7PCS 980ML BR BENC.40092|||UN|00||||||
|0200|840432|JG.FONDUE 300ML BR BENC.40086|||UN|00||||||
|0200|840433|JG.FONDUE 580ML BENCAFIL 40121|||UN|00||||||
|0200|840870|JG.3MINI PETISQUEIRA BENC.40080|||UN|00||||||
|0200|840951|JG.4APOIOS VIDRO REDONDO.BENC.74142|||UN|00||||||
|0200|900422|RELOGIO PAREDE S/NUMER BR FULL 16557|||UN|00||||||
|0200|901930|TABUA/VIDRO/SORTID.20X30 FULL|||UN|00||||||
|0200|902830|BALDE P/GELO/PINCA FULL 16116|||UN|00||||||
|0200|902930|LUVA FULFIT PEQ. 14776/14947 COLOR|||UN|00||||||
|0200|903400|CANECA HANADEKA BICHO 380ML FULL 350|||UN|00||||||
|0200|940330|KIT TABUA/MART./AFIADOR PEQ.PLAST|||UN|00||||||
|0200|950230|SOUPLAT CORES DIVERSAS YOI PLAST.|||UN|00||||||
|0200|950440|FORNO ELET.EMB.LUMEN FISCHER 7399|||UN|00||||||
|0200|101170|POTE HERMETICO 0,75L LUMI.CO529|||UN|00||||||
|0200|200520|DVD PHILIPS DVP-3520|||UN|00||||||
|0200|220600|SPLIT ELECTROLUX 12000BTU PE12F/PI12F|||UN|00||||||
|0200|680501|SALADEIRA GRANDE OUTONO SOYUS|||UN|00||||||
|0200|820131|SALEIRO/PIMENT.2PCS QUADRIF.KDC9536|||UN|00||||||
|0200|030033|REF.BRASTEMP F.FREE 403L BRM48 BR|||UN|00||||||
|0200|031273|FOG.BRASTEMP.ATIVE 5B GRILL BF876 INOX|||UN|00||||||
|0200|101540|JARRA C/TAMPA TIVOLI 1,6 LUMI.G2674|||UN|00||||||
|0200|521040|TIGELA 14CM BEGE/VM ALIMP.RO3114|||UN|00||||||
|0200|521110|MINI SOPEIRA/TP 10CM ALIMP.P00706|||UN|00||||||
|0200|670900|DIFUSOR P/AMBIENTE 21OML|||UN|00||||||
|0200|810292|PORTA LENCO LATA C/DES. EDF.LAT007|||UN|00||||||
|0200|810421|CASTICAL 65CM EDFORT TZS105|||UN|00||||||
|0200|810540|PANELA P/MOLHO-GALINHA EDFORT|||UN|00||||||
|0200|812570|TIMER DE COZINHA EDFORT GL281|||UN|00||||||
|0200|813400|FAQ.ALEX VELUDO 75PCS EDFOR.FACIX604|||UN|00||||||
|0200|813663|CAIXA DECORAT.P/RETRA EDF.MEDIA WT39|||UN|00||||||
|0200|840441|JARRA P/AGUA 1,7L BENCAFIL 40058|||UN|00||||||
|0200|841110|PRATO P/SERVIR 25X25CM.BENC.94014|||UN|00||||||
|0200|900621|PORTA SABONETE GUEIXA FULL. 1666|||UN|00||||||
|0220|PC|1,000|
|0200|902690|TABUA P/CORTE/BAMBU 40X30 FULL 13516|||UN|00||||||
|0200|902810|COFRE/CARRINHO FULL 1546|||UN|00||||||
|0200|903570|JG.JARRA C/6COPOS DANCE FULL 46183|||UN|00||||||
|0200|811670|PRATO P/PIZZA EDFORT RH26|||UN|00||||||
|0200|812140|CENTRO/MESA/FRUTEIRA EDF.TZB22|||UN|00||||||
|0200|813230|PORTA CONDIMENTOS EDFORT SN126|||UN|00||||||
|0200|813371|BALDE P/PIPOCA PLAST.EDF.PEQ.SX96|||UN|00||||||
|0200|813650|PRATO GIRAT.P/QUEIJO EDFORT GL36|||UN|00||||||
|0200|841090|PAINEL DECORAT.40X40X1,8CM BENC.|||UN|00||||||
|0200|902400|FRIGID.22CM CABO SILIC.FULL 14887|||UN|00||||||
|0200|060170|BIC.CALOI ASPEN EXTRA ARO 26 21V|||UN|00||||||
|0200|500612|FACA/FATIAR CABO COLOR MIMO ALA1083|||UN|00||||||
|0200|501960|PETISQUEIRA CONCHA 31CM MIMO PB934G|||UN|00||||||
|0200|760800|FRUTEIRA AVONDALE 06/006/26|||UN|00||||||
|0200|810351|FACA P/PATE DECORADA EDF.GD13|||UN|00||||||
|0200|812040|DESCANSO/PANELAS EDFORT GL236|||UN|00||||||
|0200|840491|BOWL OVAL C/ALCAS BENCAFIL 40120|||UN|00||||||
|0200|841093|PAINEL DECORAT.60X60X3CM BENC.|||UN|00||||||
|0200|841103|PRATO P/SERVIR 36X18CM.BENC.94004|||UN|00||||||
|0200|880320|FORMA P/PIZZA 40 ALUM.MULTIF.27140|||UN|00||||||
|0200|902020|ALBUM CASAMENTO ACO FOSCO FULL 17264|||UN|00||||||
|0200|911050|VASO RONA 23,5CM RICAELLE 5070/235|||UN|00||||||
|0200|970260|BALDE GELO SELENE INOX CONTH.145269|||UN|00||||||
|0200|5456|COIFA DE PAREDE FISCHER TALENT 90 CM VIDRO|7896513309043||UN|00||||||
|0200|9982|FORNO EL FISCHER LUMEM GRILL BANC 44L INOX /|||UN|00||||||
|0200|16254|TABUA DE VIDRO FOLHA BANANEIRA 30X40CM|||PC|00||||||
|0200|040470|FORNO MIC.CONSUL 25L CMY34 INOX|||UN|00||||||
|0200|521140|CANECA C/INFUSOR PEQUIM ALIMP.H9035|||UN|00||||||
|0200|760180|PORTA/MANTEIGA BRILH.11/091|||UN|00||||||
|0200|811130|FACA P/PAO EDFORT GL176|||UN|00||||||
|0200|820460|COLHER MANTIM.SET/3 QUAD.DC333|||UN|00||||||
|0200|840771|BANDEJA RETANG.42X26 BENCAF.8802|||UN|00||||||
|0200|900955|JG.8 ESPETOS P/MILHO FULL.14620|||UN|00||||||
|0200|902481|ESCORREDOR 22X15 PEQ.FULL 2006|||UN|00||||||
|0200|030153|REF.BRASTEMP INVERSE 573L BRE80ABB BR|||UN|00||||||
|0200|101520|JG.6TACAS SOBREM.MALDIVES LUMI.63542|||UN|00||||||
|0200|180800|CAMERA DIG.PANASONIC DMC-SILB|||UN|00||||||
|0200|521150|TRAVESSA C/TAMPA PETIT ALIMP. MFG|||UN|00||||||
|0200|680281|QUEIJEIRA BRASIL PEQUENA SOYUS|||UN|00||||||
|0200|680620|SALADEIRA TROPICAL GRANDE SOYUS|||UN|00||||||
|0200|701120|JG.2TPS/BEBIDAS HUDSON EVBS2TR|||UN|00||||||
|0200|810291|CESTO P/LIXO EM LATA C/DES.EDF.LAT09|||UN|00||||||
|0200|810391|CAIXA ORGANIZADORA EDF.FS012|||UN|00||||||
|0200|811970|JG.XICARA P/CAFE 6PCS EDF.YU003|||UN|00||||||
|0200|903080|FAQ.INOX 36PCS ATENAS FULL 13797|||UN|00||||||
|0200|940370|PORTA TUDO JAQUES 398|||UN|00||||||
|0200|101200|SALADEIRA GRANDE 31CM LUMI.06386|||UN|00||||||
|0200|840990|PRATO P/BOLO C/PEDESTAL BENC.87019|||UN|00||||||
|0200|900081|VENTILADOR P/CHURRASCO FULL 13095|||UN|00||||||
|0200|903192|ESCOVA P/LAV.DECANT.TACAS FULL 16172|||UN|00||||||
|0200|940340|KIT TABUA/MART./AFIADOR GR.PLAST.|||UN|00||||||
|0200|090100|RADIO AM/FM DE BOLSO NKS AF-136|||UN|00||||||
|0200|101160|POTE HERMETICO 0,5L LUMI.CO526|||UN|00||||||
|0200|200030|TV PHILIPS LCD 26" 26PFL3404/78|||UN|00||||||
|0200|200210|DVD PORTATIL PHILIPS LCD 7" PET-736|||UN|00||||||
|0200|500660|JG.SALEI/PALIT.VID/INOX MIMO VD37M|||UN|00||||||
|0200|680280|QUEIJEIRA BRASIL GRANDE SOYUS|||UN|00||||||
|0200|710320|ESCORREDOR 20P.CRISTAL MAKINOX|||UN|00||||||
|0200|760220|JG.TACAS CLAUDIA AGUA 05/060 6Pcs|||UN|00||||||
|0200|811700|ESPATULA/SILICONE EDF.GL172|||UN|00||||||
|0200|820740|JG.CAFE DA MANHA QUADRIF.2PCS MO0002|||UN|00||||||
|0200|840030|CANECA C/INFUSOR BENCAF. 2806|||UN|00||||||
|0200|840160|CONJ.4/P?S P/BANHEIRO 0420 DIV.|||UN|00||||||
|0200|890070|BAND/BOLO/CUPU.INOX TRAMONT.64510|||UN|00||||||
|0200|900360|COPO P/VIAGEM FULL 13622 VM|||UN|00||||||
|0200|900420|ALBUM ALUM/FOSCO 10X15 FULL 14874|||UN|00||||||
|0200|902500|JG.4FACAS/MANT.CABO OCO FULL 14838|||UN|00||||||
|0200|111010|ACUCAREIRO NOLIA 7002|||UN|00||||||
|0200|501530|JG.CHURRASCO/MALA MIMO 18PCS AC18|||UN|00||||||
|0200|520690|POTE RET.VD.150ML ALIMP. GL1150|||UN|00||||||
|0200|531040|JG.P/BANHEIRO 4PCS ROG.1449/1450|||UN|00||||||
|0200|650310|PORTA/OLEO/VIDRO FOSCO YANGZI 4232|||UN|00||||||
|0200|890090|JG.PANELAS ALUM.TRAMONT.7Pçs 20599|||UN|00||||||
|0200|900250|FORMA GEL/FATIA LIMAO FULL 20105|||UN|00||||||
|0200|680030|SALADEIRA TROPICAL MEDIA SOYUS|||UN|00||||||
|0200|840231|JG.P/BOLO CERAM.2PÇS 32CM BENC.840|||UN|00||||||
|0200|840800|CJ.6APOIOS/VIDRO RED.BENC.74063|||UN|00||||||
|0200|900020|JG/SUPORTE P/4TAÇAS FULL 20077|||UN|00||||||
|0200|902330|SALEIRO/PIMENT.PIPOCA FULL 01650|||UN|00||||||
|0200|532210|PORTA GUARDANAPO ROJEMAC 2297|||UN|00||||||
|0200|680500|SALADEIRA GIGANTE OUTONO SOYUS|||UN|00||||||
|0200|700350|FACA COLOR HUDSON 9862/5|||UN|00||||||
|0200|790020|TACAS P/AGUA 6PCS MONACO GLOBAL.|||UN|00||||||
|0200|812210|CENTRIF./SALADA COLOR EDF.DD105|||UN|00||||||
|0200|812860|PILAO PORCELANA EDF. GAL06|||UN|00||||||
|0200|950141|JG.JANTAR ALLURE SILVER 20PCS YOI|||UN|00||||||
|0200|970070|CAFETEIRA/BULE 300ML CONTHEY 134605|||UN|00||||||
|0200|050883|LAVALOUCA BOSCH ECOPLUS SGS-55E02 BR|||UN|00||||||
|0200|810890|PEG.UNIVERSAL 18CM EDF.GL195|||UN|00||||||
|0200|900362|JG.ROLETA C/COPOS FULL 14567|||UN|00||||||
|0200|901940|TABUA/VIDRO/SORTID.30X40 FULL|||UN|00||||||
|0200|903191|ESCOVA DOBRAV.P/LAV.DECAN.FULL 16171|||UN|00||||||
|0200|980160|ASSAD.OVAL GR.PREDILETA 666541|||UN|00||||||
|0200|680640|TACA MARTINE GIGANTE SOYUS|||UN|00||||||
|0200|811590|COLHER P/ARROZ EDF.1915-4|||UN|00||||||
|0200|813420|CEPO C/5FACAS EDFORT GL165|||UN|00||||||
|0200|813480|JG. C/2 BOWL EDFORT BAO23|||UN|00||||||
|0200|813500|JG.SALEIRO/PIMENTEIRO EDFORT GL333|||UN|00||||||
|0200|880180|JG.PANELAS BOX PETIT MULT. 40026|||UN|00||||||
|0200|902470|SUP.SACHE/CHA FULL 15047|||UN|00||||||
|0200|910690|JG.P/BOLO KING 7PCS RICAELLE PM12S72|||UN|00||||||
|0200|820090|TAMPA P/TIGELA 7PCS QUADRIF.|||UN|00||||||
|0200|902141|JG.JANTAR PORC.20PCS FULL PURE 01721|||UN|00||||||
|0200|902811|COFRE/PORQUINHO FULL 15462|||UN|00||||||
|0200|903140|APARELHO/COZIMENTO/VAPOR FULL 15071|||UN|00||||||
|0200|903250|SPRAY DE VIDRO P/AZEITE FULL 16380|||UN|00||||||
|0200|910190|CUPULA RETAN. GR RICAELLE 421|||UN|00||||||
|0200|180213|F.MIC.PANASONIC STYLE NN-ST652 BR|||UN|00||||||
|0200|810381|BANDEJA RETANG.40CM EDF. PPB006|||UN|00||||||
|0200|812260|TABUA P/CORTAR MEDIA EDF. GL290|||UN|00||||||
|0200|840421|TRAVESSA QUADRAD.18X18 BENCAF.71030|||UN|00||||||
|0200|840422|TRAVESSA QUADRAD.20X20 BENCAF.71031|||UN|00||||||
|0200|840423|TRAVESSA QUADRAD.26X26 BENCAF.71032|||UN|00||||||
|0200|901531|JG.BANHEIRO INDIO 4PCS FULL 17129|||UN|00||||||
|0200|813570|GARRAFA TERMICA 1L EDFORT INOX GAF|||UN|00||||||
|0200|840411|CJ.2PCS QUEIJO QUAD.35CM BENC.74|||UN|00||||||
|0200|840840|TRAVESSA QUAD.C/TP VIDRO BENC.40021|||UN|00||||||
|0200|531160|JG.6COPOS TRIOGLASS ROGEMAC 6738|||UN|00||||||
|0200|680830|TACA VERAO GRANDE SOYUS|||UN|00||||||
|0200|820151|PILAO 10,5CM 2PCS QUADRIF.105083|||UN|00||||||
|0200|840352|PRATO/APOIO MADEIR.3OX20 BENC.20062|||UN|00||||||
|0200|510250|ESPATULA P/BOLO INOX GS 5502|||UN|00||||||
|0200|540120|LEITEIRA INFINITY COO25|||UN|00||||||
|0200|710240|SUP.MARG.500GR C/ESPATU.MAK-INOX|||UN|00||||||
|0200|030223|REF.BRASTEMP GOURMAND 500 BRX50 INOX|||UN|00||||||
|0200|910910|VASO FOR YOUR 28CM RICAELLE 82581/280|||UN|00||||||
|0200|63371|PEPS EVOLUTION PRATO RASO PCA|||PC|00||||||
|0200|63376|PEPS EVOLUTION PRATO FUNDO PCA|||PC|00||||||
|0200|70040|AUTO DVD LCD 3" BUSTER HBD 9150|||UN|00||||||
|0220|PC|1,000|
|0200|101550|PRATO SOUSPLAT PEPS LUMI. 63380|||UN|00||||||
|0200|103121|ENPONJA ROTECSUL|||UN|00||||||
|0200|200150|TV PHILIPS 28" C/DVD 28PD6921|||UN|00||||||
|0200|650290|PETISQUEIRA RETA C/4 YANGZI 8225|||UN|00||||||
|0200|970600|FAQUEIRO/ESTOJO 130PCS CONTHEY D1315|||UN|00||||||
|0200|813630|JOGO P/BANHEIRO EDFORT 4PCS BS00 BR|||UN|00||||||
|0200|900211|CONCHA NYLON CABO INOX FULL.12621|||UN|00||||||
|0200|900341|JG.GARFO/COLHER C/SUP.2PCS FULL 15050|||UN|00||||||
|0200|901472|PINCA SILICONE 31CM FULL.16607|||UN|00||||||
|0200|901542|TABUA/VID/QUEIJO 30X40 FULL 1665|||UN|00||||||
|0200|910880|VASO FOR YOUR 15CM RICAELLE 82504/150|||UN|00||||||
|0200|502384|ESCORREDOR RETR.SILIC.GR.MIMO SN1070|||UN|00||||||
|0200|850260|FRIGID.CONICA C/TP FUMIL 290|||UN|00||||||
|0200|880350|JG.PANELAS 7PCS MULTIFLON 40016|||UN|00||||||
|0200|521160|COPO ABBY 75ML ALIMP. MFS142|||UN|00||||||
|0200|840471|SOPEIRA RETRO 2L BENCAFIL 57003|||UN|00||||||
|0200|880340|JG.PANELAS 4PCS CX.PRES.MULTIF.40034|||UN|00||||||
|0200|900691|RELOGIO PORTA/RETRATO FULL 17063|||UN|00||||||
|0200|101491|PUREBOX POTE RETANG. LUMIN. G3185|||UN|00||||||
|0200|101492|PUREBOX POTE RETANG. LUMIN. G3186|||UN|00||||||
|0200|101493|PUREBOX POTE QUAD. LUMIN. G3180|||UN|00||||||
|0200|810352|PROTETOR P/ALIMENTO 30CM EDF.GL406|||UN|00||||||
|0200|810521|TRAVESSA REFRAT.ESTRELA EDF. P BAO70|||UN|00||||||
|0200|840761|POTE SAL MODERN BENC.500G 95002|||UN|00||||||
|0200|101530|JG.4TACAS AGUA BRITTANY LUMI.E4432|||UN|00||||||
|0200|813561|GARRAFA TERMICA 1L EDFORT GAF025/026|||UN|00||||||
|0200|840821|JARRA VIDRO TRANSP.1L BENC.72004|||UN|00||||||
|0200|903573|JG.30TACAS DIANA CRISTAL FULL 56514|||UN|00||||||
|0200|680721|DECANTER/ALCA JARRO 750ML SOYUS 3651|||UN|00||||||
|0200|841092|PAINEL DECORAT.30X40X1,8CM BENC.|||UN|00||||||
|0200|900421|RELOGIO PAREDE VERDE 23CM FULL 14972|||UN|00||||||
|0200|500460|ROLO P/MASSAS MIMO ASA12194|||UN|00||||||
|0200|521130|JG 4POTES P/MANTIMENTO ALIMP G0600|||UN|00||||||
|0200|521170|JG JANTAR 20PÇS ALIMP P24|||UN|00||||||
|0200|532220|AÇUCAREIRO ROJEMAC 2298|||UN|00||||||
|0200|521120|CANECA P/SOPA C/COLHER ALIMP.ECO709|||UN|00||||||
|0200|530380|JARRA 21X17,5 CM 2 LITROS|||UN|00||||||
|0200|840541|PETISQUEIRA 4DIV. 21X21 BENC.94009|||UN|00||||||
|0200|841104|PRATO P/SERVIR 41X21CM.BENC.94005|||UN|00||||||
|0200|520720|POTE/PLAST.TP VACUO GRAN.ALIMP.KP21204|||UN|00||||||
|0200|810561|MOEDOR PIMENTA/SAL MANUAL EDF.PM17|||UN|00||||||
|0200|841102|PRATO P/SERVIR 29X15CM.BENC.94003|||UN|00||||||
|0200|841105|PRATO P/SERVIR 20X13CM.BENC.94006|||UN|00||||||
|0200|640070|JOGO JANTAR /CHA GRERMER 20PÇS|||UN|00||||||
|0200|680681|PRATO BUFFET MODERNA 3PRT SOYUS 2651|||UN|00||||||
|0200|680682|PRATO BUFFETMODERNA 2PRT SOYUS 2650|||UN|00||||||
|0200|740050|MAÇA PEROLADA ARUANAM|||UN|00||||||
|0200|760820|FRUTEIRA TWIST BRILH 24CH 06/007/24|||UN|00||||||
|0200|810392|JG.2CAIXA FIBRA SINTETICA EDF.SB009|||UN|00||||||
|0200|810393|JG.3CAIXA FIBRA SINTET.C/TP EDF.SB010|||UN|00||||||
|0200|810522|TRAVESSA REFRAT ESTRELA EDF M BA071|||UN|00||||||
|0200|810571|FONDUE EDFORT RH342|||UN|00||||||
|0200|813664|CAIXA DECORAT P/RETRAT EDF PEQ WT40|||UN|00||||||
|0200|820140|PEGADOR SILICONE 2PCS QUADRIFOGLIO|||UN|00||||||
|0200|840351|PRATO JAPONES RET C/BOWL BENC20060|||UN|00||||||
|0200|840434|JG FONDUE 400ML GRAF /BLAK BENC 34009|||UN|00||||||
|0200|840442|JARRA P/AGUA 900ML BENCAFIL 40059|||UN|00||||||
|0200|840741|MANTEGUEIRA C/ESPAT BENCAF 40125|||UN|00||||||
|0200|841094|PAINEL DECORAT.38X80X3CM BENC.|||UN|00||||||
|0200|841100|PRATO P/SERVIR 15X8CM BENC.94001|||UN|00||||||
|0200|841107|PRATO P/SERVIR 30X21CM.BENC.94008|||UN|00||||||
|0200|841108|PRATO P/SERVIR 17X17CM BENC 94012|||UN|00||||||
|0200|841109|PRATO P/SERVIR 20X20CM BENC 94013|||UN|00||||||
|0200|900381|POTE P/KIWI FULL 21046|||UN|00||||||
|0200|903381|CANECA HANADEKA TREVO 260ML FULL 3500|||UN|00||||||
|0200|903571|JG 6COPOS ECO BERN 330ML FULL 47001|||UN|00||||||
|0200|903572|JG 18TAÇAS CHARME 56272|||UN|00||||||
|0200|811580|CONCHA P/MOLHO EDF.1915-1|||UN|00||||||
|0200|841091|PAINEL DECORAT.28X28X1,8CM BENC.|||UN|00||||||
|0200|200040|TV PHILIPS LCD 40" 40PFL3605|||UN|00||||||
|0200|810331|PORTA COPOS/RODA 4PCS EDF.AF26|||UN|00||||||
|0200|840631|PROVOLONEIRA 21CM BENCAFIL 71044|||UN|00||||||
|0200|102802|BANDEJA ESPELHO QUAD.ARTE P 207|||UN|00||||||
|0200|900521|JG.P/QUEIJO INOX 4PCS FULL.16442|||UN|00||||||
|0200|680820|TACA VERAO MEDIA SOYUS|||UN|00||||||
|0200|810341|JG.AMERICANO 6PCS EDFORT PT006|||UN|00||||||
|0200|810562|SALADEIRA REDONDA PORC. EDF.RH333|||UN|00||||||
|0200|840081|MOEDOR VIDRO PIMEN/SAL/TP BENC.38032|||UN|00||||||
|0200|841101|PRATO P/SERVIR 25X13CM.BENC.94002|||UN|00||||||
|0200|841106|PRATO P/SERVIR 25X17CM.BENC.94007|||UN|00||||||
|0200|940450|TABUA DE PASSAR HOMIE PLUS F2144|||UN|00||||||
|0200|089342-8|CONJ GUI 80 TIPO I|||UN|00||||||
|0200|090024-9|CI 27C4001-12 CI|||UN|00||||||
|0200|030013|REF.BRASTEMP ALL 360L BRF36 BR|||UN|00||||||
|0200|030760|FORNO A GAS EMB.BRASTEMP BOA61 INOX|||UN|00||||||
|0200|030770|FORNO ELETRICO BRASTEMP BOB61 INOX|||UN|00||||||
|0200|900450|JG.P/QUEIJO/TAB/VID.4PCS FUL.14837|||UN|00||||||
|0220|JG|1,000|
|0200|903180|JG.2BALDES P/PIPOCA FULL 16169|||UN|00||||||
|0220|JG|1,000|
|0200|900491|MORINGA PORCEL. 700ML VAN FULL.171|||UN|00||||||
|0220|PC|1,000|
|0200|900431|JG.AMERICANO P/COPOS 6PCS FULL 1731|||UN|00||||||
|0220|JG|1,000|
|0200|900433|PRATO P/BOLO VIDRO HAZE FULL 46197|||UN|00||||||
|0200|901313|JG.3COPOS ALTO 355ML FULL 46116|||UN|00||||||
|0220|JG|1,000|
|0200|901312|JG.6COPOS 37ML C.BLANCA FULL 46180|||UN|00||||||
|0220|JG|1,000|
|0200|903170|BALDE P/PIPOCA PLAST. FULL 16168|||UN|00||||||
|0200|900202|JG.12MARCAD.TACAS FULTEB.FULL 21062|||UN|00||||||
|0200|051080|COOKTOP BOSCH 4B VITROCERAMIC PKN675|||UN|00||||||
|0220|PEC|1,000|
|0200|520740|BALDE ACRILICO VINHO SQUARE B34016|||UN|00||||||
|0220|PC|1,000|
|0200|521041|JG.4POTES/BAND.P/ERVAS ALIMP.RS749|||UN|00||||||
|0220|CJ|1,000|
|0200|900455|JG.P/QUEIJO&PAES 5PCS FULL.17369|||UN|00||||||
|0220|JG|1,000|
|0200|520352|PETISQUEIRA SMART 3DIV ALIMP.RS812S|||UN|00||||||
|0200|901314|JG.3COPOS ALTO 420ML FULL 46179|||UN|00||||||
|0220|JG|1,000|
|0200|900951|JG.5 MEXEDORES DRINKS FULL.15849|||UN|00||||||
|0220|JG|1,000|
|0200|900693|MURAL/FOTO PRETO 9FOTOS FULL 17287|||UN|00||||||
|0200|901311|JG.3COPOS 360ML C.BLANCA FULL 46113|||UN|00||||||
|0220|JG|1,000|
|0200|520351|PETISQUEIRA SMART 26X26 ALIMP RS811S|||UN|00||||||
|0200|520353|PETISQUEIRA SMART 4DIV ALIMP RS 814S|||UN|00||||||
|0200|900432|DESCASCADOR LARANJA VACU FULL 21076|||UN|00||||||
|0200|900453|TABUA/QUEIJO BAMBU C/BOWL FULL.17191|||UN|00||||||
|0220|JG|1,000|
|0200|900454|JG P/QUEIJO&PAES 25CM 4PÇS FULL 17365|||UN|00||||||
|0220|JG|1,000|
|0200|900456|JG P/QUEIJO&PAES 4PÇS FULL 17367|||UN|00||||||
|0220|JG|1,000|
|0200|520742|BALDE ACRILICO VINHO ORBIT B34015S|||UN|00||||||
|0200|030113|REF.BRASTEMP INVERSE 422L BRE50 BR|||UN|00||||||
|0200|900401|JG.4POTES PORCEL.COLHER FULL 16636|||UN|00||||||
|0200|900051|GALHETEIRO INOX PERLE FULL 13910|||UN|00||||||
|0200|903490|COOLER P/6 LONG NECK VD/AM FULL 16573|||UN|00||||||
|0200|900784|JG.30TACAS ECOL VICTORIA FULL 56696|||UN|00||||||
|0220|JG|1,000|
|0200|900781|JG 6TAÇAS CHAMPANHE FULL PRETA 56634|||UN|00||||||
|0220|JG|1,000|
|0200|900782|JG 6TAÇAS VINHO T FULL 56635 PRETA|||UN|00||||||
|0220|JG|1,000|
|0200|900783|JG 6TAÇAS AGUA FULL 56636 PRETA|||UN|00||||||
|0220|JG|1,000|
|0500|30042011|01|A|1|116010001|MATERIAIS DE REVENDA|
|0990|754|
|C001|0|
|C100|0|0|800006977|01|00|U|0069055||03052011|03052011|1471,00|0|||1471,00|9||||1471,00|250,07||||||||
|C170|1|180203||1,00000|UN|399,00||0|000|1202||399,00|17,00|67,83|0||0|||||||50|399,00|0,65|||2,59|50|399,00|3,00|||11,97||
|C170|2|180253||1,00000|UN|319,00||0|000|1202||319,00|17,00|54,23|0||0|||||||50|319,00|0,65|||2,07|50|319,00|3,00|||9,57||
|C170|3|290060||1,00000|UN|279,00||0|000|1202||279,00|17,00|47,43|0||0|||||||50|279,00|0,65|||1,81|50|279,00|3,00|||8,37||
|C170|4|902171||1,00000|UN|299,00||0|000|1202||299,00|17,00|50,83|0||0|||||||50|299,00|0,65|||1,94|50|299,00|3,00|||8,97||
|C170|5|330240||1,00000|UN|76,00||0|000|1202||76,00|17,00|12,92|0||0|||||||50|76,00|0,65|||0,49|50|76,00|3,00|||2,28||
|C170|6|890500||1,00000|UN|99,00||0|000|1202||99,00|17,00|16,83|0||0|||||||50|99,00|0,65|||0,64|50|99,00|3,00|||2,97||
|C190|000|1202|17,00|1471,00|1471,00|250,07|0|0|0|0||
|C100|0|0|800006977|01|00|U|0069057||03052011|03052011|154,00|0|||154,00|9||||154,00|26,18||||||||
|C170|1|090010||1,00000|UN|99,00||0|000|1202||99,00|17,00|16,83|0||0|||||||50|99,00|0,65|||0,64|50|99,00|3,00|||2,97||
|C170|2|290190||1,00000|UN|55,00||0|000|1202||55,00|17,00|9,35|0||0|||||||50|55,00|0,65|||0,36|50|55,00|3,00|||1,65||
|C190|000|1202|17,00|154,00|154,00|26,18|0|0|0|0||
|C100|0|0|800006977|01|00|U|0069059||04052011|04052011|1662,00|0|||1662,00|9||||1662,00|282,54||||||||
|C170|1|200030||1,00000|UN|618,00||0|000|1202||618,00|17,00|105,06|0||0|||||||50|618,00|0,65|||4,02|50|618,00|3,00|||18,54||
|C170|2|220590||1,00000|UN|474,00||0|000|1202||474,00|17,00|80,58|0||0|||||||50|474,00|0,65|||3,08|50|474,00|3,00|||14,22||
|C170|3|220600||1,00000|UN|570,00||0|000|1202||570,00|17,00|96,90|0||0|||||||50|570,00|0,65|||3,71|50|570,00|3,00|||17,10||
|C190|000|1202|17,00|1662,00|1662,00|282,54|0|0|0|0||
|C100|0|0|800006977|01|00|U|0069069||05052011|05052011|158,00|0|||158,00|9||||158,00|26,86||||||||
|C170|1|103110||1,00000|UN|59,00||0|000|1202||59,00|17,00|10,03|0||0|||||||50|59,00|0,65|||0,38|50|59,00|3,00|||1,77||
|C170|2|330250||1,00000|UN|99,00||0|000|1202||99,00|17,00|16,83|0||0|||||||50|99,00|0,65|||0,64|50|99,00|3,00|||2,97||
|C190|000|1202|17,00|158,00|158,00|26,86|0|0|0|0||
|C100|0|0|800006977|01|00|U|0069077||07052011|07052011|1798,00|0|||1798,00|9||||1798,00|305,66||||||||
|C170|1|030460||1,00000|UN|1399,00||0|000|1202||1399,00|17,00|237,83|0||0|||||||50|1399,00|0,65|||9,09|50|1399,00|3,00|||41,97||
|C170|2|180203||1,00000|UN|399,00||0|000|1202||399,00|17,00|67,83|0||0|||||||50|399,00|0,65|||2,59|50|399,00|3,00|||11,97||
|C190|000|1202|17,00|1798,00|1798,00|305,66|0|0|0|0||
|C100|0|0|800006977|01|00|U|0069080||09052011|09052011|99,00|0|||99,00|9||||99,00|16,83||||||||
|C170|1|680930||1,00000|UN|99,00||0|000|1202||99,00|17,00|16,83|0||0|||||||50|99,00|0,65|||0,64|50|99,00|3,00|||2,97||
|C190|000|1202|17,00|99,00|99,00|16,83|0|0|0|0||
|C100|0|0|800006977|01|00|U|0069082||09052011|09052011|650,00|0|||650,00|9||||650,00|110,50||||||||
|C170|1|040123||2,00000|UN|650,00||0|000|1202||650,00|17,00|110,50|0||0|||||||50|650,00|0,65|||4,23|50|650,00|3,00|||19,50||
|C190|000|1202|17,00|650,00|650,00|110,50|0|0|0|0||
|C100|0|0|800006977|01|00|U|0069086||10052011|10052011|471,00|0|||471,00|9||||471,00|80,07||||||||
|C170|1|330090||1,00000|UN|119,00||0|000|1202||119,00|17,00|20,23|0||0|||||||50|119,00|0,65|||0,77|50|119,00|3,00|||3,57||
|C170|2|330240||1,00000|UN|84,00||0|000|1202||84,00|17,00|14,28|0||0|||||||50|84,00|0,65|||0,55|50|84,00|3,00|||2,52||
|C170|3|890360||1,00000|UN|149,00||0|000|1202||149,00|17,00|25,33|0||0|||||||50|149,00|0,65|||0,97|50|149,00|3,00|||4,47||
|C170|4|902141||1,00000|UN|119,00||0|000|1202||119,00|17,00|20,23|0||0|||||||50|119,00|0,65|||0,77|50|119,00|3,00|||3,57||
|C190|000|1202|17,00|471,00|471,00|80,07|0|0|0|0||
|C100|0|0|800006977|01|00|U|0069096||13052011|13052011|3650,00|0|||3650,00|9||||3650,00|620,50||||||||
|C170|1|030383||1,00000|UN|1280,00||0|000|1202||1280,00|17,00|217,60|0||0|||||||50|1280,00|0,65|||8,32|50|1280,00|3,00|||38,40||
|C170|2|030850||1,00000|UN|2370,00||0|000|1202||2370,00|17,00|402,90|0||0|||||||50|2370,00|0,65|||15,41|50|2370,00|3,00|||71,10||
|C190|000|1202|17,00|3650,00|3650,00|620,50|0|0|0|0||
|C100|0|0|800006977|01|00|U|0069098||14052011|14052011|360,00|0|||360,00|9||||360,00|61,20||||||||
|C170|1|100210||1,00000|UN|360,00||0|000|1202||360,00|17,00|61,20|0||0|||||||50|360,00|0,65|||2,34|50|360,00|3,00|||10,80||
|C190|000|1202|17,00|360,00|360,00|61,20|0|0|0|0||
|C100|0|0|800006977|01|00|U|0069110||17052011|17052011|79,00|0|||79,00|9||||79,00|13,43||||||||
|C170|1|290220||1,00000|UN|79,00||0|000|1202||79,00|17,00|13,43|0||0|||||||50|79,00|0,65|||0,51|50|79,00|3,00|||2,37||
|C190|000|1202|17,00|79,00|79,00|13,43|0|0|0|0||
|C100|0|0|800006977|01|00|U|0069118||19052011|19052011|1662,00|0|||1662,00|9||||1662,00|282,54||||||||
|C170|1|200030||1,00000|UN|618,00||0|000|1202||618,00|17,00|105,06|0||0|||||||50|618,00|0,65|||4,02|50|618,00|3,00|||18,54||
|C170|2|220590||1,00000|UN|474,00||0|000|1202||474,00|17,00|80,58|0||0|||||||50|474,00|0,65|||3,08|50|474,00|3,00|||14,22||
|C170|3|220600||1,00000|UN|570,00||0|000|1202||570,00|17,00|96,90|0||0|||||||50|570,00|0,65|||3,71|50|570,00|3,00|||17,10||
|C190|000|1202|17,00|1662,00|1662,00|282,54|0|0|0|0||
|C100|0|0|800006977|01|00|U|0069121||20052011|20052011|837,00|0|||837,00|9||||837,00|142,29||||||||
|C170|1|100210||1,00000|UN|379,00||0|000|1202||379,00|17,00|64,43|0||0|||||||50|379,00|0,65|||2,46|50|379,00|3,00|||11,37||
|C170|2|180253||1,00000|UN|319,00||0|000|1202||319,00|17,00|54,23|0||0|||||||50|319,00|0,65|||2,07|50|319,00|3,00|||9,57||
|C170|3|330030||1,00000|UN|139,00||0|000|1202||139,00|17,00|23,63|0||0|||||||50|139,00|0,65|||0,90|50|139,00|3,00|||4,17||
|C190|000|1202|17,00|837,00|837,00|142,29|0|0|0|0||
|C100|0|0|800006977|01|00|U|0069123||20052011|20052011|1800,00|0|||1800,00|9||||1800,00|306,00||||||||
|C170|1|180700||1,00000|UN|1800,00||0|000|1202||1800,00|17,00|306,00|0||0|||||||50|1800,00|0,65|||11,70|50|1800,00|3,00|||54,00||
|C190|000|1202|17,00|1800,00|1800,00|306,00|0|0|0|0||
|C100|0|0|800006977|01|00|U|0069133||21052011|21052011|1887,00|0|||1887,00|9||||1798,00|305,66||||||||
|C170|1|040203||1,00000|UN|1699,00||0|000|1202||1699,00|17,00|288,83|0||0|||||||50|1699,00|0,65|||11,04|50|1699,00|3,00|||50,97||
|C170|2|710300||1,00000|UN|89,00||0|041|1202|||||0||0|||||||50|89,00|0,65|||0,58|50|89,00|3,00|||2,67||
|C170|3|890500||1,00000|UN|99,00||0|000|1202||99,00|17,00|16,83|0||0|||||||50|99,00|0,65|||0,64|50|99,00|3,00|||2,97||
|C190|000|1202|17,00|1798,00|1798,00|305,66|0|0|0|0||
|C190|041|1202||89,00|0|0|0|0|0|0||
|C100|0|0|800006977|01|00|U|0069134||21052011|21052011|785,00|0|||785,00|9||||785,00|133,45||||||||
|C170|1|120020||1,00000|UN|98,00||0|000|1202||98,00|17,00|16,66|0||0|||||||50|98,00|0,65|||0,64|50|98,00|3,00|||2,94||
|C170|2|180263||1,00000|UN|249,00||0|000|1202||249,00|17,00|42,33|0||0|||||||50|249,00|0,65|||1,62|50|249,00|3,00|||7,47||
|C170|3|532430||1,00000|UN|179,00||0|000|1202||179,00|17,00|30,43|0||0|||||||50|179,00|0,65|||1,16|50|179,00|3,00|||5,37||
|C170|4|330090||1,00000|UN|115,00||0|000|1202||115,00|17,00|19,55|0||0|||||||50|115,00|0,65|||0,75|50|115,00|3,00|||3,45||
|C170|5|840620||1,00000|UN|55,00||0|000|1202||55,00|17,00|9,35|0||0|||||||50|55,00|0,65|||0,36|50|55,00|3,00|||1,65||
|C170|6|950300||1,00000|UN|89,00||0|000|1202||89,00|17,00|15,13|0||0|||||||50|89,00|0,65|||0,58|50|89,00|3,00|||2,67||
|C190|000|1202|17,00|785,00|785,00|133,45|0|0|0|0||
|C100|0|0|800006977|01|00|U|0069138||23052011|23052011|588,00|0|||588,00|9||||588,00|99,96||||||||
|C170|1|180260||1,00000|UN|299,00||0|000|1202||299,00|17,00|50,83|0||0|||||||50|299,00|0,65|||1,94|50|299,00|3,00|||8,97||
|C170|2|501110||1,00000|UN|289,00||0|000|1202||289,00|17,00|49,13|0||0|||||||50|289,00|0,65|||1,88|50|289,00|3,00|||8,67||
|C190|000|1202|17,00|588,00|588,00|99,96|0|0|0|0||
|C100|0|0|800006977|01|00|U|0069149||25052011|25052011|235,00|0|||235,00|9||||235,00|39,95||||||||
|C170|1|180263||1,00000|UN|235,00||0|000|1202||235,00|17,00|39,95|0||0|||||||50|235,00|0,65|||1,53|50|235,00|3,00|||7,05||
|C190|000|1202|17,00|235,00|235,00|39,95|0|0|0|0||
|C100|0|0|800006977|01|00|U|0069150||25052011|25052011|303,00|0|||303,00|9||||303,00|51,51||||||||
|C170|1|180253||1,00000|UN|303,00||0|000|1202||303,00|17,00|51,51|0||0|||||||50|303,00|0,65|||1,97|50|303,00|3,00|||9,09||
|C190|000|1202|17,00|303,00|303,00|51,51|0|0|0|0||
|C100|0|0|800006977|01|00|U|0069161||28052011|28052011|950,00|0|||950,00|9||||950,00|161,50||||||||
|C170|1|180243||1,00000|UN|549,00||0|000|1202||549,00|17,00|93,33|0||0|||||||50|549,00|0,65|||3,57|50|549,00|3,00|||16,47||
|C170|2|180263||1,00000|UN|249,00||0|000|1202||249,00|17,00|42,33|0||0|||||||50|249,00|0,65|||1,62|50|249,00|3,00|||7,47||
|C170|3|760820||1,00000|UN|74,00||0|000|1202||74,00|17,00|12,58|0||0|||||||50|74,00|0,65|||0,48|50|74,00|3,00|||2,22||
|C170|4|330050||1,00000|UN|49,00||0|000|1202||49,00|17,00|8,33|0||0|||||||50|49,00|0,65|||0,32|50|49,00|3,00|||1,47||
|C170|5|910730||1,00000|UN|29,00||0|000|1202||29,00|17,00|4,93|0||0|||||||50|29,00|0,65|||0,19|50|29,00|3,00|||0,87||
|C190|000|1202|17,00|950,00|950,00|161,50|0|0|0|0||
|C100|0|0|800006977|01|00|U|0069162||28052011|28052011|301,00|0|||301,00|9||||301,00|51,17||||||||
|C170|1|180203||1,00000|UN|185,00||0|000|1202||185,00|17,00|31,45|0||0|||||||50|185,00|0,65|||1,20|50|185,00|3,00|||5,55||
|C170|2|880350||1,00000|UN|116,00||0|000|1202||116,00|17,00|19,72|0||0|||||||50|116,00|0,65|||0,75|50|116,00|3,00|||3,48||
|C190|000|1202|17,00|301,00|301,00|51,17|0|0|0|0||
|C100|0|0|800006977|01|00|U|0069172||30052011|30052011|249,00|0|||249,00|9||||249,00|42,33||||||||
|C170|1|180263||1,00000|UN|249,00||0|000|1202||249,00|17,00|42,33|0||0|||||||50|249,00|0,65|||1,62|50|249,00|3,00|||7,47||
|C190|000|1202|17,00|249,00|249,00|42,33|0|0|0|0||
|C100|0|0|800006977|01|00|U|0069174||30052011|30052011|587,00|0|||587,00|9||||587,00|99,79||||||||
|C170|1|040470||1,00000|UN|379,00||0|000|1202||379,00|17,00|64,43|0||0|||||||50|379,00|0,65|||2,46|50|379,00|3,00|||11,37||
|C170|2|105090||1,00000|UN|139,00||0|000|1202||139,00|17,00|23,63|0||0|||||||50|139,00|0,65|||0,90|50|139,00|3,00|||4,17||
|C170|3|910781||1,00000|UN|69,00||0|000|1202||69,00|17,00|11,73|0||0|||||||50|69,00|0,65|||0,45|50|69,00|3,00|||2,07||
|C190|000|1202|17,00|587,00|587,00|99,79|0|0|0|0||
|C100|0|0|800006977|01|00|U|0069193||31052011|31052011|1049,00|0|||1049,00|9||||1049,00|178,33||||||||
|C170|1|051070||1,00000|UN|1049,00||0|000|1202||1049,00|17,00|178,33|0||0|||||||50|1049,00|0,65|||6,82|50|1049,00|3,00|||31,47||
|C190|000|1202|17,00|1049,00|1049,00|178,33|0|0|0|0||
|C100|0|1|800007102|01|00|1|0004031||25052011|25052011|173,11|0|||173,11|9||||0|0||||||||
|C170|1|180290||2,00000|UN|149,18||0|041|1915|||||0||0||||||||||||||||||||
|C170|2|180320||1,00000|UN|23,93||0|041|1915|||||0||0||||||||||||||||||||
|C190|041|1915||173,11|0|0|0|0|0|0||
|C100|0|1|800007102|01|00|1|0004047||25052011|25052011|1465,01|0|||1465,01|9||||0|0||||||||
|C170|1|180550||1,00000|UN|319,26||0|041|1915|||||0||0||||||||||||||||||||
|C170|2|180770||1,00000|UN|793,00||0|041|1915|||||0||0||||||||||||||||||||
|C170|3|270010||1,00000|UN|352,75||0|041|1915|||||0||0||||||||||||||||||||
|C190|041|1915||1465,01|0|0|0|0|0|0||
|C100|0|1|800007102|01|00|1|0004064||25052011|25052011|352,75|0|||352,75|9||||0|0||||||||
|C170|1|270010||1,00000|UN|352,75||0|041|1915|||||0||0||||||||||||||||||||
|C190|041|1915||352,75|0|0|0|0|0|0||
|C100|0|1|800007102|01|00|1|0004081||31052011|31052011|134,37|0|||134,37|9||||0|0||||||||
|C170|1|180900||1,00000|UN|134,37||0|041|1915|||||0||0||||||||||||||||||||
|C190|041|1915||134,37|0|0|0|0|0|0||
|C100|0|0|800006977|01|00|U|0069092||11052011|11052011|1399,00|0|||1399,00|9||||1399,00|237,83||||||||
|C170|1|051210||1,00000|UN|1399,00||0|000|1202||1399,00|17,00|237,83|0||0|||||||50|1399,00|0,65|||9,09|50|1399,00|3,00|||41,97||
|C190|000|1202|17,00|1399,00|1399,00|237,83|0|0|0|0||
|C100|0|0|800006977|01|00|U|0069151||25052011|25052011|2399,00|0|||2399,00|9||||2399,00|407,83||||||||
|C170|1|030073||1,00000|UN|2399,00||0|000|1202||2399,00|17,00|407,83|0||0|||||||50|2399,00|0,65|||15,59|50|2399,00|3,00|||71,97||
|C190|000|1202|17,00|2399,00|2399,00|407,83|0|0|0|0||
|C100|1|0|800008043|01|00|U|0069170||30052011|30052011|2199,00|0|||2199,00|9||||0|0||||||||
|C170|1|030093||1,00000|UN|2199,00||0|041|5949|||||0||0|||||||99||||||99|||||||
|C190|041|5949||2199,00|0|0|0|0|0|0||
|C100|1|0|800007109|01|00|U|0069163||28052011|28052011|400,00|0|||400,00|9||||0|0||||||||
|C170|1|070430||2,00000|UN|400,00||0|041|5949|||||0||0|||||||99||||||99|||||||
|C190|041|5949||400,00|0|0|0|0|0|0||
|C100|1|0|800006019|01|00|U|0069144||24052011|24052011|69,00|0|||69,00|9||||0|0||||||||
|C170|1|330210||1,00000|UN|69,00||0|041|5949|||||0||0|||||||99||||||99|||||||
|C190|041|5949||69,00|0|0|0|0|0|0||
|C100|1|0|800007103|01|00|U|0069111||18052011|18052011|1698,00|0|||1698,00|9||||0|0||||||||
|C170|1|040013||1,00000|UN|1239,00||0|041|5949|||||0||0|||||||99||||||99|||||||
|C170|2|050543||1,00000|UN|459,00||0|041|5949|||||0||0|||||||99||||||99|||||||
|C190|041|5949||1698,00|0|0|0|0|0|0||
|C100|1|0|6251|01|00|U|0069100||16052011|16052011|4194,00|0|||4194,00|9||||0|0||||||||
|C170|1|040213||2,00000|UN|2700,00||0|041|5949|||||0||0|||||||99||||||99|||||||
|C170|2|180263||6,00000|UN|1494,00||0|041|5949|||||0||0|||||||99||||||99|||||||
|C190|041|5949||4194,00|0|0|0|0|0|0||
|C100|1|0|800007097|01|00|U|0069087||10052011|10052011|249,00|0|||249,00|9||||0|0||||||||
|C170|1|180263||1,00000|UN|249,00||0|041|5949|||||0||0|||||||99||||||99|||||||
|C190|041|5949||249,00|0|0|0|0|0|0||
|C100|1|0|6233|01|00|U|0069093||11052011|11052011|3650,00|0|||3650,00|9||||0|0||||||||
|C170|1|030383||1,00000|UN|1280,00||0|041|5949|||||0||0|||||||99||||||99|||||||
|C170|2|030850||1,00000|UN|2370,00||0|041|5949|||||0||0|||||||99||||||99|||||||
|C190|041|5949||3650,00|0|0|0|0|0|0||
|C100|1|0|6233|01|00|U|0069095||13052011|13052011|2370,00|0|||2370,00|9||||0|0||||||||
|C170|1|030850||1,00000|UN|2370,00||0|041|5949|||||0||0|||||||99||||||99|||||||
|C190|041|5949||2370,00|0|0|0|0|0|0||
|C100|1|0|800007110|01|00|U|0069165||28052011|28052011|379,00|0|||379,00|9||||0|0||||||||
|C170|1|100210||1,00000|UN|379,00||0|041|5949|||||0||0|||||||99||||||99|||||||
|C190|041|5949||379,00|0|0|0|0|0|0||
|C100|1|0|800007110|01|00|U|0069166||28052011|28052011|399,00|0|||399,00|9||||0|0||||||||
|C170|1|100200||1,00000|UN|399,00||0|041|5949|||||0||0|||||||99||||||99|||||||
|C190|041|5949||399,00|0|0|0|0|0|0||
|C100|1|0|800008040|01|00|U|0069190||31052011|31052011|1049,00|0|||1049,00|9||||0|0||||||||
|C170|1|051070||1,00000|UN|1049,00||0|041|5949|||||0||0|||||||99||||||99|||||||
|C190|041|5949||1049,00|0|0|0|0|0|0||
|C100|1|0|800008040|01|00|U|0069192||31052011|31052011|1049,00|0|||1049,00|9||||0|0||||||||
|C170|1|120050||1,00000|UN|157,00||0|041|5949|||||0||0|||||||99||||||99|||||||
|C170|2|950390||1,00000|UN|892,00||0|041|5949|||||0||0|||||||99||||||99|||||||
|C190|041|5949||1049,00|0|0|0|0|0|0||
|C100|1|0|800008044|01|00|U|0069099||14052011|14052011|1769,00|0|||1769,00|9||||0|0||||||||
|C170|1|031160||1,00000|UN|1769,00||0|041|5949|||||0||0|||||||99||||||99|||||||
|C190|041|5949||1769,00|0|0|0|0|0|0||
|C100|1|0|100003254|01|00|U|0069188||31052011|31052011|841,00|0|||841,00|9||||0|0||||||||
|C170|1|180770||1,00000|UN|608,00||0|041|5949|||||0||0|||||||99||||||99|||||||
|C170|2|200390||1,00000|UN|233,00||0|041|5949|||||0||0|||||||99||||||99|||||||
|C190|041|5949||841,00|0|0|0|0|0|0||
|C100|1|0|800008039|01|00|U|0069152||26052011|26052011|1329,00|0|||1329,00|9||||0|0||||||||
|C170|1|040280||1,00000|UN|1329,00||0|041|5949|||||0||0|||||||99||||||99|||||||
|C190|041|5949||1329,00|0|0|0|0|0|0||
|C100|1|0|800007112|01|00|U|0069148||25052011|25052011|1599,00|0|||1599,00|9||||0|0||||||||
|C170|1|040340||1,00000|UN|1599,00||0|041|5949|||||0||0|||||||99||||||99|||||||
|C190|041|5949||1599,00|0|0|0|0|0|0||
|C100|1|0|800007104|01|00|U|0069052||02052011|02052011|39,00|0|||39,00|9||||0|0||||||||
|C170|1|650200||1,00000|UN|39,00||0|041|5949|||||0||0|||||||99||||||99|||||||
|C190|041|5949||39,00|0|0|0|0|0|0||
|C100|1|0|800008041|01|00|U|0069114||19052011|19052011|249,00|0|||249,00|9||||0|0||||||||
|C170|1|180263||1,00000|UN|249,00||0|041|5949|||||0||0|||||||99||||||99|||||||
|C190|041|5949||249,00|0|0|0|0|0|0||
|C100|1|0|800006211|01|00|U|0069125||20052011|20052011|173,00|0|||173,00|9||||0|0||||||||
|C170|1|150050||2,00000|UN|118,00||0|041|5949|||||0||0|||||||99||||||99|||||||
|C170|2|290190||1,00000|UN|55,00||0|041|5949|||||0||0|||||||99||||||99|||||||
|C190|041|5949||173,00|0|0|0|0|0|0||
|C100|1|0|800007106|01|00|U|0069129||20052011|20052011|1507,00|0|||1507,00|9||||0|0||||||||
|C170|1|040163||1,00000|UN|859,00||0|041|5949|||||0||0|||||||99||||||99|||||||
|C170|2|100200||1,00000|UN|399,00||0|041|5949|||||0||0|||||||99||||||99|||||||
|C170|3|180263||1,00000|UN|249,00||0|041|5949|||||0||0|||||||99||||||99|||||||
|C190|041|5949||1507,00|0|0|0|0|0|0||
|C100|1|0|800007100|01|00|U|0069171||30052011|30052011|32,00|0|||32,00|9||||0|0||||||||
|C170|1|500610||1,00000|UN|5,00||0|041|5949|||||0||0|||||||99||||||99|||||||
|C170|2|650290||1,00000|UN|17,00||0|041|5949|||||0||0|||||||99||||||99|||||||
|C170|3|903192||1,00000|UN|10,00||0|041|5949|||||0||0|||||||99||||||99|||||||
|C190|041|5949||32,00|0|0|0|0|0|0||
|C100|1|0|17967|01|00|U|0069186||31052011|31052011|379,00|0|||379,00|9||||0|0||||||||
|C170|1|100200||1,00000|UN|379,00||0|041|5949|||||0||0|||||||99||||||99|||||||
|C190|041|5949||379,00|0|0|0|0|0|0||
|C100|1|0|800007113|01|00|U|0069083||09052011|09052011|839,00|0|||839,00|9||||0|0||||||||
|C170|1|050683||1,00000|UN|839,00||0|041|6949|||||0||0|||||||99||||||99|||||||
|C190|041|6949||839,00|0|0|0|0|0|0||
|C100|1|0|800008026|01|00|U|0069189||31052011|31052011|745,95|0|||745,95|9||||745,95|126,81||||||||
|C170|1|040053||1,00000|UN|745,95||0|000|5152||745,95|17,00|126,81|0||0|||||||01|745,95|0,65|||4,85|01|745,95|3,00|||22,38||
|C190|000|5152|17,00|745,95|745,95|126,81|0|0|0|0||
|C100|1|0|800008026|01|00|U|0069191||31052011|31052011|849,60|0|||849,60|9||||849,60|144,43||||||||
|C170|1|040213||1,00000|UN|849,60||0|000|5152||849,60|17,00|144,43|0||0|||||||01|849,60|0,65|||5,52|01|849,60|3,00|||25,49||
|C190|000|5152|17,00|849,60|849,60|144,43|0|0|0|0||
|C100|1|0|800008026|01|00|U|0069173||30052011|30052011|145,20|0|||145,20|9||||145,20|24,68||||||||
|C170|1|180263||1,00000|UN|145,20||0|000|5152||145,20|17,00|24,68|0||0|||||||01|145,20|0,65|||0,94|01|145,20|3,00|||4,36||
|C190|000|5152|17,00|145,20|145,20|24,68|0|0|0|0||
|C100|1|0|800008026|01|00|U|0069175||30052011|30052011|324,23|0|||324,23|9||||324,23|55,12||||||||
|C170|1|040470||1,00000|UN|221,92||0|000|5152||221,92|17,00|37,73|0||0|||||||01|221,92|0,65|||1,44|01|221,92|3,00|||6,66||
|C170|2|105090||1,00000|UN|69,76||0|000|5152||69,76|17,00|11,86|0||0|||||||01|69,76|0,65|||0,45|01|69,76|3,00|||2,09||
|C170|3|910781||1,00000|UN|32,55||0|000|5152||32,55|17,00|5,53|0||0|||||||01|32,55|0,65|||0,21|01|32,55|3,00|||0,98||
|C190|000|5152|17,00|324,23|324,23|55,12|0|0|0|0||
|C100|1|0|800008026|01|00|U|0069178||31052011|31052011|558,65|0|||558,65|9||||558,65|94,97||||||||
|C170|1|840081||1,00000|UN|11,28||0|000|5152||11,28|17,00|1,92|0||0|||||||01|11,28|0,65|||0,07|01|11,28|3,00|||0,34||
|C170|2|840351||3,00000|UN|48,39||0|000|5152||48,39|17,00|8,23|0||0|||||||01|48,39|0,65|||0,31|01|48,39|3,00|||1,45||
|C170|3|840352||2,00000|UN|54,46||0|000|5152||54,46|17,00|9,26|0||0|||||||01|54,46|0,65|||0,35|01|54,46|3,00|||1,63||
|C170|4|840434||2,00000|UN|46,02||0|000|5152||46,02|17,00|7,82|0||0|||||||01|46,02|0,65|||0,30|01|46,02|3,00|||1,38||
|C170|5|840432||2,00000|UN|58,76||0|000|5152||58,76|17,00|9,99|0||0|||||||01|58,76|0,65|||0,38|01|58,76|3,00|||1,76||
|C170|6|840431||2,00000|UN|59,64||0|000|5152||59,64|17,00|10,14|0||0|||||||01|59,64|0,65|||0,39|01|59,64|3,00|||1,79||
|C170|7|841090||2,00000|UN|23,02||0|000|5152||23,02|17,00|3,91|0||0|||||||01|23,02|0,65|||0,15|01|23,02|3,00|||0,69||
|C170|8|841091||2,00000|UN|14,04||0|000|5152||14,04|17,00|2,39|0||0|||||||01|14,04|0,65|||0,09|01|14,04|3,00|||0,42||
|C170|9|841092||2,00000|UN|19,28||0|000|5152||19,28|17,00|3,28|0||0|||||||01|19,28|0,65|||0,13|01|19,28|3,00|||0,58||
|C170|10|841093||2,00000|UN|52,30||0|000|5152||52,30|17,00|8,89|0||0|||||||01|52,30|0,65|||0,34|01|52,30|3,00|||1,57||
|C170|11|840840||2,00000|UN|52,12||0|000|5152||52,12|17,00|8,86|0||0|||||||01|52,12|0,65|||0,34|01|52,12|3,00|||1,56||
|C170|12|840441||2,00000|UN|47,56||0|000|5152||47,56|17,00|8,09|0||0|||||||01|47,56|0,65|||0,31|01|47,56|3,00|||1,43||
|C170|13|840442||2,00000|UN|32,94||0|000|5152||32,94|17,00|5,60|0||0|||||||01|32,94|0,65|||0,21|01|32,94|3,00|||0,99||
|C170|14|840870||3,00000|UN|16,32||0|000|5152||16,32|17,00|2,77|0||0|||||||01|16,32|0,65|||0,11|01|16,32|3,00|||0,49||
|C170|15|841094||1,00000|UN|22,52||0|000|5152||22,52|17,00|3,83|0||0|||||||01|22,52|0,65|||0,15|01|22,52|3,00|||0,68||
|C190|000|5152|17,00|558,65|558,65|94,97|0|0|0|0||
|C100|1|0|800008026|01|00|U|0069179||31052011|31052011|248,31|0|||248,31|9||||248,31|42,21||||||||
|C170|1|100200||1,00000|UN|248,31||0|000|5152||248,31|17,00|42,21|0||0|||||||01|248,31|0,65|||1,61|01|248,31|3,00|||7,45||
|C190|000|5152|17,00|248,31|248,31|42,21|0|0|0|0||
|C100|1|0|800008026|01|00|U|0069180||31052011|31052011|748,24|0|||748,24|9||||748,24|127,20||||||||
|C170|1|840160||1,00000|UN|22,27||0|000|5152||22,27|17,00|3,79|0||0|||||||01|22,27|0,65|||0,14|01|22,27|3,00|||0,67||
|C170|2|840421||2,00000|UN|23,56||0|000|5152||23,56|17,00|4,01|0||0|||||||01|23,56|0,65|||0,15|01|23,56|3,00|||0,71||
|C170|3|840433||2,00000|UN|65,74||0|000|5152||65,74|17,00|11,18|0||0|||||||01|65,74|0,65|||0,43|01|65,74|3,00|||1,97||
|C170|4|840471||1,00000|UN|37,07||0|000|5152||37,07|17,00|6,30|0||0|||||||01|37,07|0,65|||0,24|01|37,07|3,00|||1,11||
|C170|5|840422||2,00000|UN|31,02||0|000|5152||31,02|17,00|5,27|0||0|||||||01|31,02|0,65|||0,20|01|31,02|3,00|||0,93||
|C170|6|840423||2,00000|UN|58,88||0|000|5152||58,88|17,00|10,01|0||0|||||||01|58,88|0,65|||0,38|01|58,88|3,00|||1,77||
|C170|7|840491||2,00000|UN|64,84||0|000|5152||64,84|17,00|11,02|0||0|||||||01|64,84|0,65|||0,42|01|64,84|3,00|||1,95||
|C170|8|840741||3,00000|UN|31,59||0|000|5152||31,59|17,00|5,37|0||0|||||||01|31,59|0,65|||0,21|01|31,59|3,00|||0,95||
|C170|9|840631||2,00000|UN|24,96||0|000|5152||24,96|17,00|4,24|0||0|||||||01|24,96|0,65|||0,16|01|24,96|3,00|||0,75||
|C170|10|840821||2,00000|UN|44,82||0|000|5152||44,82|17,00|7,62|0||0|||||||01|44,82|0,65|||0,29|01|44,82|3,00|||1,34||
|C170|11|840620||3,00000|UN|81,96||0|000|5152||81,96|17,00|13,93|0||0|||||||01|81,96|0,65|||0,53|01|81,96|3,00|||2,46||
|C170|12|840800||2,00000|UN|37,10||0|000|5152||37,10|17,00|6,31|0||0|||||||01|37,10|0,65|||0,24|01|37,10|3,00|||1,11||
|C170|13|840980||6,00000|UN|195,42||0|000|5152||195,42|17,00|33,22|0||0|||||||01|195,42|0,65|||1,27|01|195,42|3,00|||5,86||
|C170|14|840970||1,00000|UN|29,01||0|000|5152||29,01|17,00|4,93|0||0|||||||01|29,01|0,65|||0,19|01|29,01|3,00|||0,87||
|C190|000|5152|17,00|748,24|748,24|127,20|0|0|0|0||
|C100|1|0|800008026|01|00|U|0069181||31052011|31052011|375,74|0|||375,74|9||||375,74|63,88||||||||
|C170|1|840541||2,00000|UN|25,58||0|000|5152||25,58|17,00|4,35|0||0|||||||01|25,58|0,65|||0,17|01|25,58|3,00|||0,77||
|C170|2|840761||2,00000|UN|25,96||0|000|5152||25,96|17,00|4,41|0||0|||||||01|25,96|0,65|||0,17|01|25,96|3,00|||0,78||
|C170|3|840951||2,00000|UN|27,60||0|000|5152||27,60|17,00|4,69|0||0|||||||01|27,60|0,65|||0,18|01|27,60|3,00|||0,83||
|C170|4|840990||2,00000|UN|112,74||0|000|5152||112,74|17,00|19,17|0||0|||||||01|112,74|0,65|||0,73|01|112,74|3,00|||3,38||
|C170|5|840771||2,00000|UN|49,92||0|000|5152||49,92|17,00|8,49|0||0|||||||01|49,92|0,65|||0,32|01|49,92|3,00|||1,50||
|C170|6|841100||2,00000|UN|3,64||0|000|5152||3,64|17,00|0,62|0||0|||||||01|3,64|0,65|||0,02|01|3,64|3,00|||0,11||
|C170|7|841101||1,00000|UN|3,82||0|000|5152||3,82|17,00|0,65|0||0|||||||01|3,82|0,65|||0,02|01|3,82|3,00|||0,11||
|C170|8|841102||2,00000|UN|10,24||0|000|5152||10,24|17,00|1,74|0||0|||||||01|10,24|0,65|||0,07|01|10,24|3,00|||0,31||
|C170|9|841103||2,00000|UN|16,08||0|000|5152||16,08|17,00|2,73|0||0|||||||01|16,08|0,65|||0,10|01|16,08|3,00|||0,48||
|C170|10|841104||2,00000|UN|21,02||0|000|5152||21,02|17,00|3,57|0||0|||||||01|21,02|0,65|||0,14|01|21,02|3,00|||0,63||
|C170|11|841105||2,00000|UN|7,30||0|000|5152||7,30|17,00|1,24|0||0|||||||01|7,30|0,65|||0,05|01|7,30|3,00|||0,22||
|C170|12|841106||2,00000|UN|13,72||0|000|5152||13,72|17,00|2,33|0||0|||||||01|13,72|0,65|||0,09|01|13,72|3,00|||0,41||
|C170|13|841107||2,00000|UN|19,00||0|000|5152||19,00|17,00|3,23|0||0|||||||01|19,00|0,65|||0,12|01|19,00|3,00|||0,57||
|C170|14|841108||2,00000|UN|8,22||0|000|5152||8,22|17,00|1,40|0||0|||||||01|8,22|0,65|||0,05|01|8,22|3,00|||0,25||
|C170|15|841109||2,00000|UN|11,16||0|000|5152||11,16|17,00|1,90|0||0|||||||01|11,16|0,65|||0,07|01|11,16|3,00|||0,33||
|C170|16|841110||2,00000|UN|19,74||0|000|5152||19,74|17,00|3,36|0||0|||||||01|19,74|0,65|||0,13|01|19,74|3,00|||0,59||
|C190|000|5152|17,00|375,74|375,74|63,88|0|0|0|0||
|C100|1|0|800008026|01|00|U|0069182||31052011|31052011|812,32|0|||812,32|9||||812,32|138,09||||||||
|C170|1|680280||2,00000|UN|43,88||0|000|5152||43,88|17,00|7,46|0||0|||||||01|43,88|0,65|||0,29|01|43,88|3,00|||1,32||
|C170|2|680281||4,00000|UN|60,24||0|000|5152||60,24|17,00|10,24|0||0|||||||01|60,24|0,65|||0,39|01|60,24|3,00|||1,81||
|C170|3|680500||2,00000|UN|50,86||0|000|5152||50,86|17,00|8,65|0||0|||||||01|50,86|0,65|||0,33|01|50,86|3,00|||1,53||
|C170|4|680501||3,00000|UN|51,69||0|000|5152||51,69|17,00|8,79|0||0|||||||01|51,69|0,65|||0,34|01|51,69|3,00|||1,55||
|C170|5|680390||3,00000|UN|115,11||0|000|5152||115,11|17,00|19,57|0||0|||||||01|115,11|0,65|||0,75|01|115,11|3,00|||3,45||
|C170|6|680360||2,00000|UN|74,82||0|000|5152||74,82|17,00|12,72|0||0|||||||01|74,82|0,65|||0,49|01|74,82|3,00|||2,24||
|C170|7|680930||2,00000|UN|116,12||0|000|5152||116,12|17,00|19,74|0||0|||||||01|116,12|0,65|||0,75|01|116,12|3,00|||3,48||
|C170|8|680940||2,00000|UN|54,06||0|000|5152||54,06|17,00|9,19|0||0|||||||01|54,06|0,65|||0,35|01|54,06|3,00|||1,62||
|C170|9|680920||6,00000|UN|39,42||0|000|5152||39,42|17,00|6,70|0||0|||||||01|39,42|0,65|||0,26|01|39,42|3,00|||1,18||
|C170|10|680820||2,00000|UN|45,84||0|000|5152||45,84|17,00|7,79|0||0|||||||01|45,84|0,65|||0,30|01|45,84|3,00|||1,38||
|C170|11|680830||2,00000|UN|76,74||0|000|5152||76,74|17,00|13,05|0||0|||||||01|76,74|0,65|||0,50|01|76,74|3,00|||2,30||
|C170|12|680640||2,00000|UN|83,54||0|000|5152||83,54|17,00|14,20|0||0|||||||01|83,54|0,65|||0,54|01|83,54|3,00|||2,51||
|C190|000|5152|17,00|812,32|812,32|138,09|0|0|0|0||
|C100|1|0|800008026|01|00|U|0069184||31052011|31052011|836,51|0|||836,51|9||||836,51|142,21||||||||
|C170|1|521120||3,00000|UN|78,66||0|000|5152||78,66|17,00|13,37|0||0|||||||01|78,66|0,65|||0,51|01|78,66|3,00|||2,36||
|C170|2|521130||1,00000|UN|107,64||0|000|5152||107,64|17,00|18,30|0||0|||||||01|107,64|0,65|||0,70|01|107,64|3,00|||3,23||
|C170|3|521140||2,00000|UN|25,68||0|000|5152||25,68|17,00|4,37|0||0|||||||01|25,68|0,65|||0,17|01|25,68|3,00|||0,77||
|C170|4|521150||12,00000|UN|70,56||0|000|5152||70,56|17,00|12,00|0||0|||||||01|70,56|0,65|||0,46|01|70,56|3,00|||2,12||
|C170|5|521160||6,00000|UN|28,20||0|000|5152||28,20|17,00|4,79|0||0|||||||01|28,20|0,65|||0,18|01|28,20|3,00|||0,85||
|C170|6|521170||2,00000|UN|211,90||0|000|5152||211,90|17,00|36,02|0||0|||||||01|211,90|0,65|||1,38|01|211,90|3,00|||6,36||
|C170|7|680030||3,00000|UN|52,20||0|000|5152||52,20|17,00|8,87|0||0|||||||01|52,20|0,65|||0,34|01|52,20|3,00|||1,57||
|C170|8|680620||2,00000|UN|45,84||0|000|5152||45,84|17,00|7,79|0||0|||||||01|45,84|0,65|||0,30|01|45,84|3,00|||1,38||
|C170|9|680681||1,00000|UN|104,35||0|000|5152||104,35|17,00|17,74|0||0|||||||01|104,35|0,65|||0,68|01|104,35|3,00|||3,13||
|C170|10|680682||1,00000|UN|88,36||0|000|5152||88,36|17,00|15,02|0||0|||||||01|88,36|0,65|||0,57|01|88,36|3,00|||2,65||
|C170|11|680721||2,00000|UN|23,12||0|000|5152||23,12|17,00|3,93|0||0|||||||01|23,12|0,65|||0,15|01|23,12|3,00|||0,69||
|C190|000|5152|17,00|836,51|836,51|142,21|0|0|0|0||
|C100|1|0|800008026|01|00|U|0069185||31052011|31052011|1437,49|0|||1437,49|9||||1437,49|244,37||||||||
|C170|1|101160||3,00000|UN|18,42||0|000|5152||18,42|17,00|3,13|0||0|||||||01|18,42|0,65|||0,12|01|18,42|3,00|||0,55||
|C170|2|101170||3,00000|UN|21,57||0|000|5152||21,57|17,00|3,67|0||0|||||||01|21,57|0,65|||0,14|01|21,57|3,00|||0,65||
|C170|3|101420||24,00000|UN|116,16||0|000|5152||116,16|17,00|19,75|0||0|||||||01|116,16|0,65|||0,76|01|116,16|3,00|||3,48||
|C170|4|101491||3,00000|UN|56,46||0|000|5152||56,46|17,00|9,60|0||0|||||||01|56,46|0,65|||0,37|01|56,46|3,00|||1,69||
|C170|5|101492||3,00000|UN|73,41||0|000|5152||73,41|17,00|12,48|0||0|||||||01|73,41|0,65|||0,48|01|73,41|3,00|||2,20||
|C170|6|101493||3,00000|UN|29,49||0|000|5152||29,49|17,00|5,01|0||0|||||||01|29,49|0,65|||0,19|01|29,49|3,00|||0,88||
|C170|7|101520||4,00000|UN|138,60||0|000|5152||138,60|17,00|23,56|0||0|||||||01|138,60|0,65|||0,90|01|138,60|3,00|||4,16||
|C170|8|101550||24,00000|UN|471,60||0|000|5152||471,60|17,00|80,17|0||0|||||||01|471,60|0,65|||3,07|01|471,60|3,00|||14,15||
|C170|9|101510||48,00000|UN|303,84||0|000|5152||303,84|17,00|51,65|0||0|||||||01|303,84|0,65|||1,98|01|303,84|3,00|||9,12||
|C170|10|101540||6,00000|UN|83,58||0|000|5152||83,58|17,00|14,21|0||0|||||||01|83,58|0,65|||0,54|01|83,58|3,00|||2,51||
|C170|11|101494||3,00000|UN|52,74||0|000|5152||52,74|17,00|8,97|0||0|||||||01|52,74|0,65|||0,34|01|52,74|3,00|||1,58||
|C170|12|101530||2,00000|UN|71,62||0|000|5152||71,62|17,00|12,18|0||0|||||||01|71,62|0,65|||0,47|01|71,62|3,00|||2,15||
|C190|000|5152|17,00|1437,49|1437,49|244,37|0|0|0|0||
|C100|1|0|800008026|01|00|U|0069090||11052011|11052011|471,65|0|||471,65|9||||471,65|80,18||||||||
|C170|1|040423||1,00000|UN|471,65||0|000|5152||471,65|17,00|80,18|0||0|||||||01|471,65|0,65|||3,07|01|471,65|3,00|||14,15||
|C190|000|5152|17,00|471,65|471,65|80,18|0|0|0|0||
|C100|1|0|800008026|01|00|U|0069094||13052011|13052011|851,27|0|||851,27|9||||851,27|144,72||||||||
|C170|1|051210||1,00000|UN|851,27||0|000|5152||851,27|17,00|144,72|0||0|||||||01|851,27|0,65|||5,53|01|851,27|3,00|||25,54||
|C190|000|5152|17,00|851,27|851,27|144,72|0|0|0|0||
|C100|1|0|800008026|01|00|U|0069097||13052011|13052011|473,90|0|||473,90|9||||473,90|80,56||||||||
|C170|1|030960||1,00000|UN|473,90||0|000|5152||473,90|17,00|80,56|0||0|||||||01|473,90|0,65|||3,08|01|473,90|3,00|||14,22||
|C190|000|5152|17,00|473,90|473,90|80,56|0|0|0|0||
|C100|1|0|800008026|01|00|U|0069101||16052011|16052011|1105,06|0|||1105,06|9||||1105,06|187,86||||||||
|C170|1|031170||1,00000|UN|1105,06||0|000|5152||1105,06|17,00|187,86|0||0|||||||01|1105,06|0,65|||7,18|01|1105,06|3,00|||33,15||
|C190|000|5152|17,00|1105,06|1105,06|187,86|0|0|0|0||
|C100|1|0|800008026|01|00|U|0069102||16052011|16052011|1029,59|0|||1029,59|9||||1029,59|175,03||||||||
|C170|1|040053||1,00000|UN|745,95||0|000|5152||745,95|17,00|126,81|0||0|||||||01|745,95|0,65|||4,85|01|745,95|3,00|||22,38||
|C170|2|050543||1,00000|UN|283,64||0|000|5152||283,64|17,00|48,22|0||0|||||||01|283,64|0,65|||1,84|01|283,64|3,00|||8,51||
|C190|000|5152|17,00|1029,59|1029,59|175,03|0|0|0|0||
|C100|1|0|800008026|01|00|U|0069104||16052011|16052011|728,05|0|||728,05|9||||728,05|123,77||||||||
|C170|1|900081||2,00000|UN|10,66||0|000|5152||10,66|17,00|1,81|0||0|||||||01|10,66|0,65|||0,07|01|10,66|3,00|||0,32||
|C170|2|900283||2,00000|UN|21,00||0|000|5152||21,00|17,00|3,57|0||0|||||||01|21,00|0,65|||0,14|01|21,00|3,00|||0,63||
|C170|3|900362||2,00000|UN|42,32||0|000|5152||42,32|17,00|7,19|0||0|||||||01|42,32|0,65|||0,28|01|42,32|3,00|||1,27||
|C170|4|900420||2,00000|UN|35,70||0|000|5152||35,70|17,00|6,07|0||0|||||||01|35,70|0,65|||0,23|01|35,70|3,00|||1,07||
|C170|5|900421||3,00000|UN|74,31||0|000|5152||74,31|17,00|12,63|0||0|||||||01|74,31|0,65|||0,48|01|74,31|3,00|||2,23||
|C170|6|900341||2,00000|UN|12,94||0|000|5152||12,94|17,00|2,20|0||0|||||||01|12,94|0,65|||0,08|01|12,94|3,00|||0,39||
|C170|7|902650||1,00000|UN|52,54||0|000|5152||52,54|17,00|8,93|0||0|||||||01|52,54|0,65|||0,34|01|52,54|3,00|||1,58||
|C170|8|902450||1,00000|UN|122,38||0|000|5152||122,38|17,00|20,80|0||0|||||||01|122,38|0,65|||0,80|01|122,38|3,00|||3,67||
|C170|9|902680||2,00000|UN|12,34||0|000|5152||12,34|17,00|2,10|0||0|||||||01|12,34|0,65|||0,08|01|12,34|3,00|||0,37||
|C170|10|902270||2,00000|UN|120,36||0|000|5152||120,36|17,00|20,46|0||0|||||||01|120,36|0,65|||0,78|01|120,36|3,00|||3,61||
|C170|11|902370||2,00000|UN|46,90||0|000|5152||46,90|17,00|7,97|0||0|||||||01|46,90|0,65|||0,30|01|46,90|3,00|||1,41||
|C170|12|901830||2,00000|UN|47,08||0|000|5152||47,08|17,00|8,00|0||0|||||||01|47,08|0,65|||0,31|01|47,08|3,00|||1,41||
|C170|13|900955||3,00000|UN|11,76||0|000|5152||11,76|17,00|2,00|0||0|||||||01|11,76|0,65|||0,08|01|11,76|3,00|||0,35||
|C170|14|902400||2,00000|UN|95,70||0|000|5152||95,70|17,00|16,27|0||0|||||||01|95,70|0,65|||0,62|01|95,70|3,00|||2,87||
|C170|15|902690||2,00000|UN|22,06||0|000|5152||22,06|17,00|3,75|0||0|||||||01|22,06|0,65|||0,14|01|22,06|3,00|||0,66||
|C190|000|5152|17,00|728,05|728,05|123,77|0|0|0|0||
|C100|1|0|800008026|01|00|U|0069105||16052011|16052011|586,62|0|||586,62|9||||586,62|99,73||||||||
|C170|1|900172||2,00000|UN|17,48||0|000|5152||17,48|17,00|2,97|0||0|||||||01|17,48|0,65|||0,11|01|17,48|3,00|||0,52||
|C170|2|900422||2,00000|UN|69,38||0|000|5152||69,38|17,00|11,79|0||0|||||||01|69,38|0,65|||0,45|01|69,38|3,00|||2,08||
|C170|3|900690||1,00000|UN|38,98||0|000|5152||38,98|17,00|6,63|0||0|||||||01|38,98|0,65|||0,25|01|38,98|3,00|||1,17||
|C170|4|900840||2,00000|UN|44,22||0|000|5152||44,22|17,00|7,52|0||0|||||||01|44,22|0,65|||0,29|01|44,22|3,00|||1,33||
|C170|5|900521||3,00000|UN|45,96||0|000|5152||45,96|17,00|7,81|0||0|||||||01|45,96|0,65|||0,30|01|45,96|3,00|||1,38||
|C170|6|902580||8,00000|UN|18,32||0|000|5152||18,32|17,00|3,11|0||0|||||||01|18,32|0,65|||0,12|01|18,32|3,00|||0,55||
|C170|7|903140||1,00000|UN|54,15||0|000|5152||54,15|17,00|9,21|0||0|||||||01|54,15|0,65|||0,35|01|54,15|3,00|||1,62||
|C170|8|902811||3,00000|UN|21,39||0|000|5152||21,39|17,00|3,64|0||0|||||||01|21,39|0,65|||0,14|01|21,39|3,00|||0,64||
|C170|9|902810||4,00000|UN|55,48||0|000|5152||55,48|17,00|9,43|0||0|||||||01|55,48|0,65|||0,36|01|55,48|3,00|||1,66||
|C170|10|902830||2,00000|UN|201,86||0|000|5152||201,86|17,00|34,32|0||0|||||||01|201,86|0,65|||1,31|01|201,86|3,00|||6,06||
|C170|11|903191||2,00000|UN|10,48||0|000|5152||10,48|17,00|1,78|0||0|||||||01|10,48|0,65|||0,07|01|10,48|3,00|||0,31||
|C170|12|903192||2,00000|UN|8,92||0|000|5152||8,92|17,00|1,52|0||0|||||||01|8,92|0,65|||0,06|01|8,92|3,00|||0,27||
|C190|000|5152|17,00|586,62|586,62|99,73|0|0|0|0||
|C100|1|0|800008026|01|00|U|0069106||16052011|16052011|1127,54|0|||1127,54|9||||1127,54|191,68||||||||
|C170|1|900381||2,00000|UN|23,66||0|000|5152||23,66|17,00|4,02|0||0|||||||01|23,66|0,65|||0,15|01|23,66|3,00|||0,71||
|C170|2|900621||2,00000|UN|49,74||0|000|5152||49,74|17,00|8,46|0||0|||||||01|49,74|0,65|||0,32|01|49,74|3,00|||1,49||
|C170|3|900691||1,00000|UN|32,30||0|000|5152||32,30|17,00|5,49|0||0|||||||01|32,30|0,65|||0,21|01|32,30|3,00|||0,97||
|C170|4|901531||2,00000|UN|53,26||0|000|5152||53,26|17,00|9,05|0||0|||||||01|53,26|0,65|||0,35|01|53,26|3,00|||1,60||
|C170|5|901940||2,00000|UN|20,48||0|000|5152||20,48|17,00|3,48|0||0|||||||01|20,48|0,65|||0,13|01|20,48|3,00|||0,61||
|C170|6|901930||8,00000|UN|45,36||0|000|5152||45,36|17,00|7,71|0||0|||||||01|45,36|0,65|||0,29|01|45,36|3,00|||1,36||
|C170|7|902020||2,00000|UN|72,68||0|000|5152||72,68|17,00|12,36|0||0|||||||01|72,68|0,65|||0,47|01|72,68|3,00|||2,18||
|C170|8|903381||1,00000|UN|5,56||0|000|5152||5,56|17,00|0,95|0||0|||||||01|5,56|0,65|||0,04|01|5,56|3,00|||0,17||
|C170|9|903400||4,00000|UN|24,24||0|000|5152||24,24|17,00|4,12|0||0|||||||01|24,24|0,65|||0,16|01|24,24|3,00|||0,73||
|C170|10|903570||2,00000|UN|54,40||0|000|5152||54,40|17,00|9,25|0||0|||||||01|54,40|0,65|||0,35|01|54,40|3,00|||1,63||
|C170|11|903571||2,00000|UN|49,74||0|000|5152||49,74|17,00|8,46|0||0|||||||01|49,74|0,65|||0,32|01|49,74|3,00|||1,49||
|C170|12|903572||1,00000|UN|113,60||0|000|5152||113,60|17,00|19,31|0||0|||||||01|113,60|0,65|||0,74|01|113,60|3,00|||3,41||
|C170|13|903573||4,00000|UN|582,52||0|000|5152||582,52|17,00|99,03|0||0|||||||01|582,52|0,65|||3,79|01|582,52|3,00|||17,48||
|C190|000|5152|17,00|1127,54|1127,54|191,68|0|0|0|0||
|C100|1|0|800008026|01|00|U|0069107||16052011|16052011|1155,14|0|||1155,14|9||||1155,14|196,37||||||||
|C170|1|810331||2,00000|UN|74,00||0|000|5152||74,00|17,00|12,58|0||0|||||||01|74,00|0,65|||0,48|01|74,00|3,00|||2,22||
|C170|2|810351||18,00000|UN|74,34||0|000|5152||74,34|17,00|12,64|0||0|||||||01|74,34|0,65|||0,48|01|74,34|3,00|||2,23||
|C170|3|810521||2,00000|UN|35,40||0|000|5152||35,40|17,00|6,02|0||0|||||||01|35,40|0,65|||0,23|01|35,40|3,00|||1,06||
|C170|4|810522||2,00000|UN|70,64||0|000|5152||70,64|17,00|12,01|0||0|||||||01|70,64|0,65|||0,46|01|70,64|3,00|||2,12||
|C170|5|810391||9,00000|UN|116,19||0|000|5152||116,19|17,00|19,75|0||0|||||||01|116,19|0,65|||0,76|01|116,19|3,00|||3,49||
|C170|6|810520||6,00000|UN|50,34||0|000|5152||50,34|17,00|8,56|0||0|||||||01|50,34|0,65|||0,33|01|50,34|3,00|||1,51||
|C170|7|811580||6,00000|UN|19,80||0|000|5152||19,80|17,00|3,37|0||0|||||||01|19,80|0,65|||0,13|01|19,80|3,00|||0,59||
|C170|8|811590||6,00000|UN|19,80||0|000|5152||19,80|17,00|3,37|0||0|||||||01|19,80|0,65|||0,13|01|19,80|3,00|||0,59||
|C170|9|813480||5,00000|UN|126,55||0|000|5152||126,55|17,00|21,51|0||0|||||||01|126,55|0,65|||0,82|01|126,55|3,00|||3,80||
|C170|10|812210||3,00000|UN|65,91||0|000|5152||65,91|17,00|11,20|0||0|||||||01|65,91|0,65|||0,43|01|65,91|3,00|||1,98||
|C170|11|813550||6,00000|UN|108,90||0|000|5152||108,90|17,00|18,51|0||0|||||||01|108,90|0,65|||0,71|01|108,90|3,00|||3,27||
|C170|12|813560||4,00000|UN|80,16||0|000|5152||80,16|17,00|13,63|0||0|||||||01|80,16|0,65|||0,52|01|80,16|3,00|||2,40||
|C170|13|813561||3,00000|UN|64,74||0|000|5152||64,74|17,00|11,01|0||0|||||||01|64,74|0,65|||0,42|01|64,74|3,00|||1,94||
|C170|14|812910||9,00000|UN|151,92||0|000|5152||151,92|17,00|25,83|0||0|||||||01|151,92|0,65|||0,99|01|151,92|3,00|||4,56||
|C170|15|813570||3,00000|UN|96,45||0|000|5152||96,45|17,00|16,40|0||0|||||||01|96,45|0,65|||0,63|01|96,45|3,00|||2,89||
|C190|000|5152|17,00|1155,14|1155,14|196,37|0|0|0|0||
|C100|1|0|800008026|01|00|U|0069108||16052011|16052011|1296,31|0|||1296,31|9||||1296,31|220,37||||||||
|C170|1|810291||3,00000|UN|41,82||0|000|5152||41,82|17,00|7,11|0||0|||||||01|41,82|0,65|||0,27|01|41,82|3,00|||1,25||
|C170|2|810292||14,00000|UN|199,78||0|000|5152||199,78|17,00|33,96|0||0|||||||01|199,78|0,65|||1,30|01|199,78|3,00|||5,99||
|C170|3|810352||2,00000|UN|15,04||0|000|5152||15,04|17,00|2,56|0||0|||||||01|15,04|0,65|||0,10|01|15,04|3,00|||0,45||
|C170|4|810381||2,00000|UN|48,62||0|000|5152||48,62|17,00|8,27|0||0|||||||01|48,62|0,65|||0,32|01|48,62|3,00|||1,46||
|C170|5|810382||8,00000|UN|192,64||0|000|5152||192,64|17,00|32,75|0||0|||||||01|192,64|0,65|||1,25|01|192,64|3,00|||5,78||
|C170|6|810341||1,00000|UN|30,67||0|000|5152||30,67|17,00|5,21|0||0|||||||01|30,67|0,65|||0,20|01|30,67|3,00|||0,92||
|C170|7|811700||24,00000|UN|148,56||0|000|5152||148,56|17,00|25,26|0||0|||||||01|148,56|0,65|||0,97|01|148,56|3,00|||4,46||
|C170|8|812040||24,00000|UN|235,44||0|000|5152||235,44|17,00|40,02|0||0|||||||01|235,44|0,65|||1,53|01|235,44|3,00|||7,06||
|C170|9|813440||12,00000|UN|92,88||0|000|5152||92,88|17,00|15,79|0||0|||||||01|92,88|0,65|||0,60|01|92,88|3,00|||2,79||
|C170|10|813500||1,00000|UN|36,25||0|000|5152||36,25|17,00|6,16|0||0|||||||01|36,25|0,65|||0,24|01|36,25|3,00|||1,09||
|C170|11|812560||2,00000|UN|45,44||0|000|5152||45,44|17,00|7,72|0||0|||||||01|45,44|0,65|||0,30|01|45,44|3,00|||1,36||
|C170|12|810561||2,00000|UN|29,74||0|000|5152||29,74|17,00|5,06|0||0|||||||01|29,74|0,65|||0,19|01|29,74|3,00|||0,89||
|C170|13|810562||1,00000|UN|17,70||0|000|5152||17,70|17,00|3,01|0||0|||||||01|17,70|0,65|||0,12|01|17,70|3,00|||0,53||
|C170|14|810571||2,00000|UN|88,50||0|000|5152||88,50|17,00|15,04|0||0|||||||01|88,50|0,65|||0,58|01|88,50|3,00|||2,66||
|C170|15|813650||3,00000|UN|73,23||0|000|5152||73,23|17,00|12,45|0||0|||||||01|73,23|0,65|||0,48|01|73,23|3,00|||2,20||
|C190|000|5152|17,00|1296,31|1296,31|220,37|0|0|0|0||
|C100|1|0|800008026|01|00|U|0069109||16052011|16052011|1287,27|0|||1287,27|9||||1287,27|218,84||||||||
|C170|1|810281||1,00000|UN|198,27||0|000|5152||198,27|17,00|33,71|0||0|||||||01|198,27|0,65|||1,29|01|198,27|3,00|||5,95||
|C170|2|810392||3,00000|UN|98,58||0|000|5152||98,58|17,00|16,76|0||0|||||||01|98,58|0,65|||0,64|01|98,58|3,00|||2,96||
|C170|3|811670||4,00000|UN|67,24||0|000|5152||67,24|17,00|11,43|0||0|||||||01|67,24|0,65|||0,44|01|67,24|3,00|||2,02||
|C170|4|810393||2,00000|UN|206,60||0|000|5152||206,60|17,00|35,12|0||0|||||||01|206,60|0,65|||1,34|01|206,60|3,00|||6,20||
|C170|5|810421||3,00000|UN|6,63||0|000|5152||6,63|17,00|1,13|0||0|||||||01|6,63|0,65|||0,04|01|6,63|3,00|||0,20||
|C170|6|810422||3,00000|UN|25,20||0|000|5152||25,20|17,00|4,28|0||0|||||||01|25,20|0,65|||0,16|01|25,20|3,00|||0,76||
|C170|7|813660||4,00000|UN|111,56||0|000|5152||111,56|17,00|18,97|0||0|||||||01|111,56|0,65|||0,73|01|111,56|3,00|||3,35||
|C170|8|813661||1,00000|UN|18,59||0|000|5152||18,59|17,00|3,16|0||0|||||||01|18,59|0,65|||0,12|01|18,59|3,00|||0,56||
|C170|9|813230||12,00000|UN|35,88||0|000|5152||35,88|17,00|6,10|0||0|||||||01|35,88|0,65|||0,23|01|35,88|3,00|||1,08||
|C170|10|813371||36,00000|UN|87,12||0|000|5152||87,12|17,00|14,81|0||0|||||||01|87,12|0,65|||0,57|01|87,12|3,00|||2,61||
|C170|11|813360||36,00000|UN|150,48||0|000|5152||150,48|17,00|25,58|0||0|||||||01|150,48|0,65|||0,98|01|150,48|3,00|||4,51||
|C170|12|813370||12,00000|UN|94,80||0|000|5152||94,80|17,00|16,12|0||0|||||||01|94,80|0,65|||0,62|01|94,80|3,00|||2,84||
|C170|13|812140||2,00000|UN|20,64||0|000|5152||20,64|17,00|3,51|0||0|||||||01|20,64|0,65|||0,13|01|20,64|3,00|||0,62||
|C170|14|813663||2,00000|UN|107,66||0|000|5152||107,66|17,00|18,30|0||0|||||||01|107,66|0,65|||0,70|01|107,66|3,00|||3,23||
|C170|15|813664||2,00000|UN|58,02||0|000|5152||58,02|17,00|9,86|0||0|||||||01|58,02|0,65|||0,38|01|58,02|3,00|||1,74||
|C190|000|5152|17,00|1287,27|1287,27|218,84|0|0|0|0||
|C100|1|0|800008026|01|00|U|0069112||18052011|18052011|718,08|0|||718,08|9||||718,08|122,07||||||||
|C170|1|030373||1,00000|UN|718,08||0|000|5152||718,08|17,00|122,07|0||0|||||||01|718,08|0,65|||4,67|01|718,08|3,00|||21,54||
|C190|000|5152|17,00|718,08|718,08|122,07|0|0|0|0||
|C100|1|0|800008026|01|00|U|0069113||18052011|18052011|690,00|0|||690,00|9||||690,00|117,30||||||||
|C170|1|040423||1,00000|UN|690,00||0|000|5152||690,00|17,00|117,30|0||0|||||||01|690,00|0,65|||4,49|01|690,00|3,00|||20,70||
|C190|000|5152|17,00|690,00|690,00|117,30|0|0|0|0||
|C100|1|0|800008026|01|00|U|0069117||19052011|19052011|1349,38|0|||1349,38|9||||1349,38|229,39||||||||
|C170|1|220590||1,00000|UN|612,60||0|000|5152||612,60|17,00|104,14|0||0|||||||01|612,60|0,65|||3,98|01|612,60|3,00|||18,38||
|C170|2|220600||1,00000|UN|736,78||0|000|5152||736,78|17,00|125,25|0||0|||||||01|736,78|0,65|||4,79|01|736,78|3,00|||22,10||
|C190|000|5152|17,00|1349,38|1349,38|229,39|0|0|0|0||
|C100|1|0|800008026|01|00|U|0069119||20052011|20052011|10411,17|0|||10411,17|9||||10411,17|1769,90||||||||
|C170|1|040123||1,00000|UN|443,34||0|000|5152||443,34|17,00|75,37|0||0|||||||01|443,34|0,65|||2,88|01|443,34|3,00|||13,30||
|C170|2|040133||1,00000|UN|466,97||0|000|5152||466,97|17,00|79,38|0||0|||||||01|466,97|0,65|||3,04|01|466,97|3,00|||14,01||
|C170|3|090130||6,00000|UN|149,04||0|000|5152||149,04|17,00|25,34|0||0|||||||01|149,04|0,65|||0,97|01|149,04|3,00|||4,47||
|C170|4|040250||3,00000|UN|1575,39||0|000|5152||1575,39|17,00|267,82|0||0|||||||01|1575,39|0,65|||10,24|01|1575,39|3,00|||47,26||
|C170|5|040290||2,00000|UN|1283,56||0|000|5152||1283,56|17,00|218,21|0||0|||||||01|1283,56|0,65|||8,34|01|1283,56|3,00|||38,51||
|C170|6|090220||4,00000|UN|311,44||0|000|5152||311,44|17,00|52,94|0||0|||||||01|311,44|0,65|||2,02|01|311,44|3,00|||9,34||
|C170|7|120080||10,00000|UN|854,90||0|000|5152||854,90|17,00|145,33|0||0|||||||01|854,90|0,65|||5,56|01|854,90|3,00|||25,65||
|C170|8|200210||6,00000|UN|1623,24||0|000|5152||1623,24|17,00|275,95|0||0|||||||01|1623,24|0,65|||10,55|01|1623,24|3,00|||48,70||
|C170|9|200520||15,00000|UN|1464,75||0|000|5152||1464,75|17,00|249,01|0||0|||||||01|1464,75|0,65|||9,52|01|1464,75|3,00|||43,94||
|C170|10|330130||6,00000|UN|786,54||0|000|5152||786,54|17,00|133,71|0||0|||||||01|786,54|0,65|||5,11|01|786,54|3,00|||23,60||
|C170|11|180263||10,00000|UN|1452,00||0|000|5152||1452,00|17,00|246,84|0||0|||||||01|1452,00|0,65|||9,44|01|1452,00|3,00|||43,56||
|C190|000|5152|17,00|10411,17|10411,17|1769,90|0|0|0|0||
|C100|1|0|800008026|01|00|U|0069122||20052011|20052011|494,47|0|||494,47|9||||494,47|84,06||||||||
|C170|1|100210||1,00000|UN|232,47||0|000|5152||232,47|17,00|39,52|0||0|||||||01|232,47|0,65|||1,51|01|232,47|3,00|||6,97||
|C170|2|180253||1,00000|UN|186,02||0|000|5152||186,02|17,00|31,62|0||0|||||||01|186,02|0,65|||1,21|01|186,02|3,00|||5,58||
|C170|3|330030||1,00000|UN|75,98||0|000|5152||75,98|17,00|12,92|0||0|||||||01|75,98|0,65|||0,49|01|75,98|3,00|||2,28||
|C190|000|5152|17,00|494,47|494,47|84,06|0|0|0|0||
|C100|1|0|800008026|01|00|U|0069126||20052011|20052011|290,40|0|||290,40|9||||290,40|49,37||||||||
|C170|1|180263||2,00000|UN|290,40||0|000|5152||290,40|17,00|49,37|0||0|||||||01|290,40|0,65|||1,89|01|290,40|3,00|||8,71||
|C190|000|5152|17,00|290,40|290,40|49,37|0|0|0|0||
|C100|1|0|800008026|01|00|U|0069130||21052011|21052011|248,31|0|||248,31|9||||248,31|42,21||||||||
|C170|1|100200||1,00000|UN|248,31||0|000|5152||248,31|17,00|42,21|0||0|||||||01|248,31|0,65|||1,61|01|248,31|3,00|||7,45||
|C190|000|5152|17,00|248,31|248,31|42,21|0|0|0|0||
|C100|1|0|800008026|01|00|U|0069131||21052011|21052011|63,84|0|||63,84|9||||63,84|10,85||||||||
|C170|1|502070||1,00000|UN|47,98||0|000|5152||47,98|17,00|8,16|0||0|||||||01|47,98|0,65|||0,31|01|47,98|3,00|||1,44||
|C170|2|902740||2,00000|UN|15,86||0|000|5152||15,86|17,00|2,70|0||0|||||||01|15,86|0,65|||0,10|01|15,86|3,00|||0,48||
|C190|000|5152|17,00|63,84|63,84|10,85|0|0|0|0||
|C100|1|0|800008026|01|00|U|0069132||21052011|21052011|272,33|0|||272,33|9||||272,33|46,30||||||||
|C170|1|100053||1,00000|UN|272,33||0|000|5152||272,33|17,00|46,30|0||0|||||||01|272,33|0,65|||1,77|01|272,33|3,00|||8,17||
|C190|000|5152|17,00|272,33|272,33|46,30|0|0|0|0||
|C100|1|0|800008026|01|00|U|0069135||21052011|21052011|437,01|0|||437,01|9||||437,01|74,29||||||||
|C170|1|120020||1,00000|UN|54,68||0|000|5152||54,68|17,00|9,30|0||0|||||||01|54,68|0,65|||0,36|01|54,68|3,00|||1,64||
|C170|2|180263||1,00000|UN|145,20||0|000|5152||145,20|17,00|24,68|0||0|||||||01|145,20|0,65|||0,94|01|145,20|3,00|||4,36||
|C170|3|532430||1,00000|UN|89,55||0|000|5152||89,55|17,00|15,22|0||0|||||||01|89,55|0,65|||0,58|01|89,55|3,00|||2,69||
|C170|4|330090||1,00000|UN|68,33||0|000|5152||68,33|17,00|11,62|0||0|||||||01|68,33|0,65|||0,44|01|68,33|3,00|||2,05||
|C170|5|840620||1,00000|UN|27,32||0|000|5152||27,32|17,00|4,64|0||0|||||||01|27,32|0,65|||0,18|01|27,32|3,00|||0,82||
|C170|6|950300||1,00000|UN|51,93||0|000|5152||51,93|17,00|8,83|0||0|||||||01|51,93|0,65|||0,34|01|51,93|3,00|||1,56||
|C190|000|5152|17,00|437,01|437,01|74,29|0|0|0|0||
|C100|1|0|800008026|01|00|U|0069139||24052011|24052011|38,42|0|||38,42|9||||38,42|6,53||||||||
|C170|1|101200||1,00000|UN|38,42||0|000|5152||38,42|17,00|6,53|0||0|||||||01|38,42|0,65|||0,25|01|38,42|3,00|||1,15||
|C190|000|5152|17,00|38,42|38,42|6,53|0|0|0|0||
|C100|1|0|800008026|01|00|U|0069141||24052011|24052011|1890,34|0|||1890,34|9||||1890,34|321,36||||||||
|C170|1|180290||6,00000|UN|447,54||0|000|5152||447,54|17,00|76,08|0||0|||||||01|447,54|0,65|||2,91|01|447,54|3,00|||13,43||
|C170|2|180320||10,00000|UN|239,30||0|000|5152||239,30|17,00|40,68|0||0|||||||01|239,30|0,65|||1,56|01|239,30|3,00|||7,18||
|C170|3|270020||2,00000|UN|1203,50||0|000|5152||1203,50|17,00|204,59|0||0|||||||01|1203,50|0,65|||7,82|01|1203,50|3,00|||36,11||
|C190|000|5152|17,00|1890,34|1890,34|321,36|0|0|0|0||
|C100|1|0|800008026|01|00|U|0069142||24052011|24052011|181,13|0|||181,13|9||||181,13|30,79||||||||
|C170|1|890590||1,00000|UN|181,13||0|000|5152||181,13|17,00|30,79|0||0|||||||01|181,13|0,65|||1,18|01|181,13|3,00|||5,43||
|C190|000|5152|17,00|181,13|181,13|30,79|0|0|0|0||
|C100|1|0|800008026|01|00|U|0069145||25052011|25052011|790,05|0|||790,05|9||||790,05|134,31||||||||
|C170|1|040423||1,00000|UN|471,65||0|000|5152||471,65|17,00|80,18|0||0|||||||01|471,65|0,65|||3,07|01|471,65|3,00|||14,15||
|C170|2|100030||1,00000|UN|318,40||0|000|5152||318,40|17,00|54,13|0||0|||||||01|318,40|0,65|||2,07|01|318,40|3,00|||9,55||
|C190|000|5152|17,00|790,05|790,05|134,31|0|0|0|0||
|C100|1|0|800008026|01|00|U|0069153||27052011|27052011|15053,07|0|||15053,07|9||||15053,07|2559,02||||||||
|C170|1|030030||1,00000|UN|1625,42||0|000|5152||1625,42|17,00|276,32|0||0|||||||01|1625,42|0,65|||10,57|01|1625,42|3,00|||48,76||
|C170|2|030033||1,00000|UN|1404,44||0|000|5152||1404,44|17,00|238,75|0||0|||||||01|1404,44|0,65|||9,13|01|1404,44|3,00|||42,13||
|C170|3|030100||1,00000|UN|1779,11||0|000|5152||1779,11|17,00|302,45|0||0|||||||01|1779,11|0,65|||11,56|01|1779,11|3,00|||53,37||
|C170|4|030123||1,00000|UN|1945,54||0|000|5152||1945,54|17,00|330,74|0||0|||||||01|1945,54|0,65|||12,65|01|1945,54|3,00|||58,37||
|C170|5|050973||1,00000|UN|2324,33||0|000|5152||2324,33|17,00|395,14|0||0|||||||01|2324,33|0,65|||15,11|01|2324,33|3,00|||69,73||
|C170|6|030830||1,00000|UN|1593,38||0|000|5152||1593,38|17,00|270,87|0||0|||||||01|1593,38|0,65|||10,36|01|1593,38|3,00|||47,80||
|C170|7|100160||5,00000|UN|1427,50||0|000|5152||1427,50|17,00|242,68|0||0|||||||01|1427,50|0,65|||9,28|01|1427,50|3,00|||42,83||
|C170|8|100210||10,00000|UN|2324,70||0|000|5152||2324,70|17,00|395,20|0||0|||||||01|2324,70|0,65|||15,11|01|2324,70|3,00|||69,74||
|C170|9|180580||3,00000|UN|628,65||0|000|5152||628,65|17,00|106,87|0||0|||||||01|628,65|0,65|||4,09|01|628,65|3,00|||18,86||
|C190|000|5152|17,00|15053,07|15053,07|2559,02|0|0|0|0||
|C100|1|0|800008026|01|00|U|0069156||27052011|27052011|2771,42|0|||2771,42|9||||2771,42|471,14||||||||
|C170|1|030153||1,00000|UN|1516,65||0|000|5152||1516,65|17,00|257,83|0||0|||||||01|1516,65|0,65|||9,86|01|1516,65|3,00|||45,50||
|C170|2|040550||1,00000|UN|90,15||0|000|5152||90,15|17,00|15,33|0||0|||||||01|90,15|0,65|||0,59|01|90,15|3,00|||2,70||
|C170|3|100200||1,00000|UN|248,31||0|000|5152||248,31|17,00|42,21|0||0|||||||01|248,31|0,65|||1,61|01|248,31|3,00|||7,45||
|C170|4|250303||1,00000|UN|916,31||0|000|5152||916,31|17,00|155,77|0||0|||||||01|916,31|0,65|||5,96|01|916,31|3,00|||27,49||
|C190|000|5152|17,00|2771,42|2771,42|471,14|0|0|0|0||
|C100|1|0|800008026|01|00|U|0069157||27052011|27052011|2032,04|0|||2032,04|9||||2032,04|345,45||||||||
|C170|1|180213||1,00000|UN|250,36||0|000|5152||250,36|17,00|42,56|0||0|||||||01|250,36|0,65|||1,63|01|250,36|3,00|||7,51||
|C170|2|200150||1,00000|UN|1781,68||0|000|5152||1781,68|17,00|302,89|0||0|||||||01|1781,68|0,65|||11,58|01|1781,68|3,00|||53,45||
|C190|000|5152|17,00|2032,04|2032,04|345,45|0|0|0|0||
|C100|1|0|800008026|01|00|U|0069158||28052011|28052011|1516,65|0|||1516,65|9||||1516,65|257,83||||||||
|C170|1|030153||1,00000|UN|1516,65||0|000|5152||1516,65|17,00|257,83|0||0|||||||01|1516,65|0,65|||9,86|01|1516,65|3,00|||45,50||
|C190|000|5152|17,00|1516,65|1516,65|257,83|0|0|0|0||
|C100|1|0|800008026|01|00|U|0069159||28052011|28052011|535,87|0|||535,87|9||||535,87|91,10||||||||
|C170|1|030910||1,00000|UN|535,87||0|000|5152||535,87|17,00|91,10|0||0|||||||01|535,87|0,65|||3,48|01|535,87|3,00|||16,08||
|C190|000|5152|17,00|535,87|535,87|91,10|0|0|0|0||
|C100|1|0|800008026|01|00|U|0069160||28052011|28052011|325,80|0|||325,80|9||||325,80|55,39||||||||
|C170|1|500171||2,00000|UN|44,94||0|000|5152||44,94|17,00|7,64|0||0|||||||01|44,94|0,65|||0,29|01|44,94|3,00|||1,35||
|C170|2|902511||3,00000|UN|118,11||0|000|5152||118,11|17,00|20,08|0||0|||||||01|118,11|0,65|||0,77|01|118,11|3,00|||3,54||
|C170|3|910781||1,00000|UN|32,55||0|000|5152||32,55|17,00|5,53|0||0|||||||01|32,55|0,65|||0,21|01|32,55|3,00|||0,98||
|C170|4|910782||4,00000|UN|130,20||0|000|5152||130,20|17,00|22,13|0||0|||||||01|130,20|0,65|||0,85|01|130,20|3,00|||3,91||
|C190|000|5152|17,00|325,80|325,80|55,39|0|0|0|0||
|C100|1|0|800008026|01|00|U|0069049||02052011|02052011|1002,29|0|||1002,29|9||||1002,29|170,39||||||||
|C170|1|031073||1,00000|UN|1002,29||0|000|5152||1002,29|17,00|170,39|0||0|||||||01|1002,29|0,65|||6,51|01|1002,29|3,00|||30,07||
|C190|000|5152|17,00|1002,29|1002,29|170,39|0|0|0|0||
|C100|1|0|800008026|01|00|U|0069050||02052011|02052011|2577,70|0|||2577,70|9||||2577,70|438,21||||||||
|C170|1|030383||1,00000|UN|802,93||0|000|5152||802,93|17,00|136,50|0||0|||||||01|802,93|0,65|||5,22|01|802,93|3,00|||24,09||
|C170|2|031150||1,00000|UN|1058,37||0|000|5152||1058,37|17,00|179,92|0||0|||||||01|1058,37|0,65|||6,88|01|1058,37|3,00|||31,75||
|C170|3|100030||1,00000|UN|318,40||0|000|5152||318,40|17,00|54,13|0||0|||||||01|318,40|0,65|||2,07|01|318,40|3,00|||9,55||
|C170|4|050553||1,00000|UN|398,00||0|000|5152||398,00|17,00|67,66|0||0|||||||01|398,00|0,65|||2,59|01|398,00|3,00|||11,94||
|C190|000|5152|17,00|2577,70|2577,70|438,21|0|0|0|0||
|C100|1|0|800008026|01|00|U|0069051||02052011|02052011|368,45|0|||368,45|9||||368,45|62,64||||||||
|C170|1|040453||1,00000|UN|368,45||0|000|5152||368,45|17,00|62,64|0||0|||||||01|368,45|0,65|||2,39|01|368,45|3,00|||11,05||
|C190|000|5152|17,00|368,45|368,45|62,64|0|0|0|0||
|C100|1|0|800008026|01|00|U|0069053||03052011|03052011|3172,00|0|||3172,00|9||||3172,00|539,24||||||||
|C170|1|180770||4,00000|UN|3172,00||0|000|5152||3172,00|17,00|539,24|0||0|||||||01|3172,00|0,65|||20,62|01|3172,00|3,00|||95,16||
|C190|000|5152|17,00|3172,00|3172,00|539,24|0|0|0|0||
|C100|1|0|800008026|01|00|U|0069054||03052011|03052011|3933,04|0|||3933,04|9||||3933,04|668,62||||||||
|C170|1|030083||1,00000|UN|1811,62||0|000|5152||1811,62|17,00|307,98|0||0|||||||01|1811,62|0,65|||11,78|01|1811,62|3,00|||54,35||
|C170|2|030363||1,00000|UN|650,48||0|000|5152||650,48|17,00|110,58|0||0|||||||01|650,48|0,65|||4,23|01|650,48|3,00|||19,51||
|C170|3|220133||1,00000|UN|997,04||0|000|5152||997,04|17,00|169,50|0||0|||||||01|997,04|0,65|||6,48|01|997,04|3,00|||29,91||
|C170|4|030960||1,00000|UN|473,90||0|000|5152||473,90|17,00|80,56|0||0|||||||01|473,90|0,65|||3,08|01|473,90|3,00|||14,22||
|C190|000|5152|17,00|3933,04|3933,04|668,62|0|0|0|0||
|C100|1|0|800008026|01|00|U|0069056||03052011|03052011|831,74|0|||831,74|9||||831,74|141,40||||||||
|C170|1|180203||1,00000|UN|239,31||0|000|5152||239,31|17,00|40,68|0||0|||||||01|239,31|0,65|||1,56|01|239,31|3,00|||7,18||
|C170|2|180253||1,00000|UN|186,02||0|000|5152||186,02|17,00|31,62|0||0|||||||01|186,02|0,65|||1,21|01|186,02|3,00|||5,58||
|C170|3|290060||1,00000|UN|149,77||0|000|5152||149,77|17,00|25,46|0||0|||||||01|149,77|0,65|||0,97|01|149,77|3,00|||4,49||
|C170|4|902171||1,00000|UN|153,35||0|000|5152||153,35|17,00|26,07|0||0|||||||01|153,35|0,65|||1,00|01|153,35|3,00|||4,60||
|C170|5|330240||1,00000|UN|43,17||0|000|5152||43,17|17,00|7,34|0||0|||||||01|43,17|0,65|||0,28|01|43,17|3,00|||1,30||
|C170|6|890500||1,00000|UN|60,12||0|000|5152||60,12|17,00|10,22|0||0|||||||01|60,12|0,65|||0,39|01|60,12|3,00|||1,80||
|C190|000|5152|17,00|831,74|831,74|141,40|0|0|0|0||
|C100|1|0|800008026|01|00|U|0069058||03052011|03052011|87,43|0|||87,43|9||||87,43|14,86||||||||
|C170|1|090010||1,00000|UN|54,73||0|000|5152||54,73|17,00|9,30|0||0|||||||01|54,73|0,65|||0,36|01|54,73|3,00|||1,64||
|C170|2|290190||1,00000|UN|32,70||0|000|5152||32,70|17,00|5,56|0||0|||||||01|32,70|0,65|||0,21|01|32,70|3,00|||0,98||
|C190|000|5152|17,00|87,43|87,43|14,86|0|0|0|0||
|C100|1|0|800008026|01|00|U|0069060||04052011|04052011|793,00|0|||793,00|9||||793,00|134,81||||||||
|C170|1|180770||1,00000|UN|793,00||0|000|5152||793,00|17,00|134,81|0||0|||||||01|793,00|0,65|||5,15|01|793,00|3,00|||23,79||
|C190|000|5152|17,00|793,00|793,00|134,81|0|0|0|0||
|C100|1|0|800008026|01|00|U|0069062||05052011|05052011|19760,16|0|||19760,16|9||||19625,79|3336,38||||||||
|C170|1|040470||6,00000|UN|1331,52||0|000|5152||1331,52|17,00|226,36|0||0|||||||01|1331,52|0,65|||8,65|01|1331,52|3,00|||39,95||
|C170|2|180900||1,00000|UN|134,37||0|041|5152|||||0||0|||||||01|134,37|0,65|||0,87|01|134,37|3,00|||4,03||
|C170|3|200040||3,00000|UN|6679,20||0|000|5152||6679,20|17,00|1135,46|0||0|||||||01|6679,20|0,65|||43,41|01|6679,20|3,00|||200,38||
|C170|4|200390||5,00000|UN|1478,70||0|000|5152||1478,70|17,00|251,38|0||0|||||||01|1478,70|0,65|||9,61|01|1478,70|3,00|||44,36||
|C170|5|200210||6,00000|UN|1623,24||0|000|5152||1623,24|17,00|275,95|0||0|||||||01|1623,24|0,65|||10,55|01|1623,24|3,00|||48,70||
|C170|6|200380||6,00000|UN|1799,10||0|000|5152||1799,10|17,00|305,85|0||0|||||||01|1799,10|0,65|||11,69|01|1799,10|3,00|||53,97||
|C170|7|200520||10,00000|UN|976,50||0|000|5152||976,50|17,00|166,00|0||0|||||||01|976,50|0,65|||6,35|01|976,50|3,00|||29,30||
|C170|8|200480||15,00000|UN|1508,55||0|000|5152||1508,55|17,00|256,45|0||0|||||||01|1508,55|0,65|||9,81|01|1508,55|3,00|||45,26||
|C170|9|330010||18,00000|UN|1215,54||0|000|5152||1215,54|17,00|206,64|0||0|||||||01|1215,54|0,65|||7,90|01|1215,54|3,00|||36,47||
|C170|10|330210||24,00000|UN|976,80||0|000|5152||976,80|17,00|166,06|0||0|||||||01|976,80|0,65|||6,35|01|976,80|3,00|||29,30||
|C170|11|330240||6,00000|UN|259,02||0|000|5152||259,02|17,00|44,03|0||0|||||||01|259,02|0,65|||1,68|01|259,02|3,00|||7,77||
|C170|12|330090||6,00000|UN|409,98||0|000|5152||409,98|17,00|69,70|0||0|||||||01|409,98|0,65|||2,66|01|409,98|3,00|||12,30||
|C170|13|330030||18,00000|UN|1367,64||0|000|5152||1367,64|17,00|232,50|0||0|||||||01|1367,64|0,65|||8,89|01|1367,64|3,00|||41,03||
|C190|000|5152|17,00|19625,79|19625,79|3336,38|0|0|0|0||
|C190|041|5152||134,37|0|0|0|0|0|0||
|C100|1|0|800008026|01|00|U|0069063||05052011|05052011|11515,41|0|||11515,41|9||||10239,39|1740,70||||||||
|C170|1|050543||1,00000|UN|283,64||0|000|5152||283,64|17,00|48,22|0||0|||||||01|283,64|0,65|||1,84|01|283,64|3,00|||8,51||
|C170|2|050830||3,00000|UN|826,53||0|000|5152||826,53|17,00|140,51|0||0|||||||01|826,53|0,65|||5,37|01|826,53|3,00|||24,80||
|C170|3|051060||2,00000|UN|716,34||0|000|5152||716,34|17,00|121,78|0||0|||||||01|716,34|0,65|||4,66|01|716,34|3,00|||21,49||
|C170|4|050840||3,00000|UN|1077,63||0|000|5152||1077,63|17,00|183,20|0||0|||||||01|1077,63|0,65|||7,00|01|1077,63|3,00|||32,33||
|C170|5|051070||2,00000|UN|1247,04||0|000|5152||1247,04|17,00|212,00|0||0|||||||01|1247,04|0,65|||8,11|01|1247,04|3,00|||37,41||
|C170|6|051110||2,00000|UN|1614,56||0|000|5152||1614,56|17,00|274,48|0||0|||||||01|1614,56|0,65|||10,49|01|1614,56|3,00|||48,44||
|C170|7|330250||12,00000|UN|707,64||0|000|5152||707,64|17,00|120,30|0||0|||||||01|707,64|0,65|||4,60|01|707,64|3,00|||21,23||
|C170|8|330150||4,00000|UN|897,00||0|000|5152||897,00|17,00|152,49|0||0|||||||01|897,00|0,65|||5,83|01|897,00|3,00|||26,91||
|C170|9|100053||1,00000|UN|272,33||0|000|5152||272,33|17,00|46,30|0||0|||||||01|272,33|0,65|||1,77|01|272,33|3,00|||8,17||
|C170|10|100030||1,00000|UN|318,40||0|000|5152||318,40|17,00|54,13|0||0|||||||01|318,40|0,65|||2,07|01|318,40|3,00|||9,55||
|C170|11|220393||1,00000|UN|1379,96||0|000|5152||1379,96|17,00|234,59|0||0|||||||01|1379,96|0,65|||8,97|01|1379,96|3,00|||41,40||
|C170|12|180800||6,00000|UN|1276,02||0|041|5152|||||0||0|||||||01|1276,02|0,65|||8,29|01|1276,02|3,00|||38,28||
|C170|13|180590||6,00000|UN|898,32||0|000|5152||898,32|17,00|152,71|0||0|||||||01|898,32|0,65|||5,84|01|898,32|3,00|||26,95||
|C190|000|5152|17,00|10239,39|10239,39|1740,70|0|0|0|0||
|C190|041|5152||1276,02|0|0|0|0|0|0||
|C100|1|0|800008026|01|00|U|0069064||05052011|05052011|69,60|0|||69,60|9||||0|0||||||||
|C170|1|940390||5,00000|UN|69,60||0|041|5152|||||0||0|||||||01|69,60|0,65|||0,45|01|69,60|3,00|||2,09||
|C190|041|5152||69,60|0|0|0|0|0|0||
|C100|1|0|800008026|01|00|U|0069066||05052011|05052011|1139,70|0|||1139,70|9||||1139,70|193,75||||||||
|C170|1|330030||15,00000|UN|1139,70||0|000|5152||1139,70|17,00|193,75|0||0|||||||01|1139,70|0,65|||7,41|01|1139,70|3,00|||34,19||
|C190|000|5152|17,00|1139,70|1139,70|193,75|0|0|0|0||
|C100|1|0|800008026|01|00|U|0069067||05052011|05052011|718,08|0|||718,08|9||||718,08|122,07||||||||
|C170|1|030373||1,00000|UN|718,08||0|000|5152||718,08|17,00|122,07|0||0|||||||01|718,08|0,65|||4,67|01|718,08|3,00|||21,54||
|C190|000|5152|17,00|718,08|718,08|122,07|0|0|0|0||
|C100|1|0|800008026|01|00|U|0069070||06052011|06052011|44,97|0|||44,97|9||||44,97|7,64||||||||
|C170|1|104181||3,00000|UN|44,97||0|000|5152||44,97|17,00|7,64|0||0|||||||01|44,97|0,65|||0,29|01|44,97|3,00|||1,35||
|C190|000|5152|17,00|44,97|44,97|7,64|0|0|0|0||
|C100|1|0|800008026|01|00|U|0069071||06052011|06052011|1140,12|0|||1140,12|9||||1140,12|193,82||||||||
|C170|1|030373||1,00000|UN|718,08||0|000|5152||718,08|17,00|122,07|0||0|||||||01|718,08|0,65|||4,67|01|718,08|3,00|||21,54||
|C170|2|040383||1,00000|UN|422,04||0|000|5152||422,04|17,00|71,75|0||0|||||||01|422,04|0,65|||2,74|01|422,04|3,00|||12,66||
|C190|000|5152|17,00|1140,12|1140,12|193,82|0|0|0|0||
|C100|1|0|800008026|01|00|U|0069072||06052011|06052011|246,48|0|||246,48|9||||246,48|41,90||||||||
|C170|1|100150||1,00000|UN|246,48||0|000|5152||246,48|17,00|41,90|0||0|||||||01|246,48|0,65|||1,60|01|246,48|3,00|||7,39||
|C190|000|5152|17,00|246,48|246,48|41,90|0|0|0|0||
|C100|1|0|800008026|01|00|U|0069074||07052011|07052011|187,05|0|||187,05|9||||187,05|31,80||||||||
|C170|1|100013||1,00000|UN|187,05||0|000|5152||187,05|17,00|31,80|0||0|||||||01|187,05|0,65|||1,22|01|187,05|3,00|||5,61||
|C190|000|5152|17,00|187,05|187,05|31,80|0|0|0|0||
|C100|1|0|800008026|01|00|U|0069075||07052011|07052011|14698,06|0|||14698,06|9||||14698,06|2498,67||||||||
|C170|1|030523||3,00000|UN|519,81||0|000|5152||519,81|17,00|88,37|0||0|||||||01|519,81|0,65|||3,38|01|519,81|3,00|||15,59||
|C170|2|030533||3,00000|UN|864,00||0|000|5152||864,00|17,00|146,88|0||0|||||||01|864,00|0,65|||5,62|01|864,00|3,00|||25,92||
|C170|3|031260||4,00000|UN|1312,16||0|000|5152||1312,16|17,00|223,07|0||0|||||||01|1312,16|0,65|||8,53|01|1312,16|3,00|||39,36||
|C170|4|100160||5,00000|UN|1427,50||0|000|5152||1427,50|17,00|242,68|0||0|||||||01|1427,50|0,65|||9,28|01|1427,50|3,00|||42,83||
|C170|5|040290||3,00000|UN|1925,34||0|000|5152||1925,34|17,00|327,31|0||0|||||||01|1925,34|0,65|||12,51|01|1925,34|3,00|||57,76||
|C170|6|040440||3,00000|UN|783,45||0|000|5152||783,45|17,00|133,19|0||0|||||||01|783,45|0,65|||5,09|01|783,45|3,00|||23,50||
|C170|7|290230||3,00000|UN|226,92||0|000|5152||226,92|17,00|38,58|0||0|||||||01|226,92|0,65|||1,48|01|226,92|3,00|||6,81||
|C170|8|290260||3,00000|UN|79,26||0|000|5152||79,26|17,00|13,47|0||0|||||||01|79,26|0,65|||0,52|01|79,26|3,00|||2,38||
|C170|9|290340||6,00000|UN|185,34||0|000|5152||185,34|17,00|31,51|0||0|||||||01|185,34|0,65|||1,20|01|185,34|3,00|||5,56||
|C170|10|100200||6,00000|UN|1489,86||0|000|5152||1489,86|17,00|253,28|0||0|||||||01|1489,86|0,65|||9,68|01|1489,86|3,00|||44,70||
|C170|11|100210||10,00000|UN|2324,70||0|000|5152||2324,70|17,00|395,20|0||0|||||||01|2324,70|0,65|||15,11|01|2324,70|3,00|||69,74||
|C170|12|100220||6,00000|UN|1434,12||0|000|5152||1434,12|17,00|243,80|0||0|||||||01|1434,12|0,65|||9,32|01|1434,12|3,00|||43,02||
|C170|13|180253||8,00000|UN|1488,16||0|000|5152||1488,16|17,00|252,99|0||0|||||||01|1488,16|0,65|||9,67|01|1488,16|3,00|||44,64||
|C170|14|180280||12,00000|UN|637,44||0|000|5152||637,44|17,00|108,36|0||0|||||||01|637,44|0,65|||4,14|01|637,44|3,00|||19,12||
|C190|000|5152|17,00|14698,06|14698,06|2498,67|0|0|0|0||
|C100|1|0|800008026|01|00|U|0069076||07052011|07052011|581,01|0|||581,01|9||||581,01|98,77||||||||
|C170|1|040393||1,00000|UN|581,01||0|000|5152||581,01|17,00|98,77|0||0|||||||01|581,01|0,65|||3,78|01|581,01|3,00|||17,43||
|C190|000|5152|17,00|581,01|581,01|98,77|0|0|0|0||
|C100|1|0|800008026|01|00|U|0069078||07052011|07052011|1055,58|0|||1055,58|9||||1055,58|179,45||||||||
|C170|1|030460||1,00000|UN|816,27||0|000|5152||816,27|17,00|138,77|0||0|||||||01|816,27|0,65|||5,31|01|816,27|3,00|||24,49||
|C170|2|180203||1,00000|UN|239,31||0|000|5152||239,31|17,00|40,68|0||0|||||||01|239,31|0,65|||1,56|01|239,31|3,00|||7,18||
|C190|000|5152|17,00|1055,58|1055,58|179,45|0|0|0|0||
|C100|1|0|800008026|01|00|U|0069079||09052011|09052011|248,31|0|||248,31|9||||248,31|42,21||||||||
|C170|1|100200||1,00000|UN|248,31||0|000|5152||248,31|17,00|42,21|0||0|||||||01|248,31|0,65|||1,61|01|248,31|3,00|||7,45||
|C190|000|5152|17,00|248,31|248,31|42,21|0|0|0|0||
|C100|1|0|800008026|01|00|U|0069081||09052011|09052011|50,41|0|||50,41|9||||50,41|8,57||||||||
|C170|1|680930||1,00000|UN|50,41||0|000|5152||50,41|17,00|8,57|0||0|||||||01|50,41|0,65|||0,33|01|50,41|3,00|||1,51||
|C190|000|5152|17,00|50,41|50,41|8,57|0|0|0|0||
|C100|1|0|800008026|01|00|U|0069088||11052011|11052011|48,62|0|||48,62|9||||48,62|8,27||||||||
|C170|1|290270||1,00000|UN|48,62||0|000|5152||48,62|17,00|8,27|0||0|||||||01|48,62|0,65|||0,32|01|48,62|3,00|||1,46||
|C190|000|5152|17,00|48,62|48,62|8,27|0|0|0|0||
|C100|1|0|800007114|01|00|U|0069061||04052011|04052011|399,00|0|||399,00|9||||0|0||||||||
|C170|1|100150||1,00000|UN|399,00||0|041|5949|||||0||0|||||||99||||||99|||||||
|C190|041|5949||399,00|0|0|0|0|0|0||
|C100|1|0|800008045|01|00|U|0069154||27052011|27052011|1167,00|0|||1167,00|9||||0|0||||||||
|C170|1|030830||1,00000|UN|1167,00||0|041|5949|||||0||0|||||||99||||||99|||||||
|C190|041|5949||1167,00|0|0|0|0|0|0||
|C100|1|0|800008045|01|00|U|0069155||27052011|27052011|1167,00|0|||1167,00|9||||0|0||||||||
|C170|1|030830||1,00000|UN|1167,00||0|041|5949|||||0||0|||||||99||||||99|||||||
|C190|041|5949||1167,00|0|0|0|0|0|0||
|C100|1|0|800008046|01|00|U|0069194||31052011|31052011|5098,00|0|||5098,00|9||||0|0||||||||
|C170|1|030830||1,00000|UN|2599,00||0|041|5949|||||0||0|||||||99||||||99|||||||
|C170|2|030850||1,00000|UN|2499,00||0|041|5949|||||0||0|||||||99||||||99|||||||
|C190|041|5949||5098,00|0|0|0|0|0|0||
|C100|1|0|800008047|01|00|U|0069140||24052011|24052011|1500,00|0|||1500,00|9||||0|0||||||||
|C170|1|040223||1,00000|UN|1500,00||0|041|5949|||||0||0|||||||99||||||99|||||||
|C190|041|5949||1500,00|0|0|0|0|0|0||
|C100|1|0|800008048|01|00|U|0069183||31052011|31052011|919,00|0|||919,00|9||||0|0||||||||
|C170|1|040143||1,00000|UN|919,00||0|041|5949|||||0||0|||||||99||||||99|||||||
|C190|041|5949||919,00|0|0|0|0|0|0||
|C100|1|0|800007119|01|00|U|0069124||20052011|20052011|3640,00|0|||3640,00|9||||0|0||||||||
|C170|1|180700||1,00000|UN|3640,00||0|041|5949|||||0||0|||||||99||||||99|||||||
|C190|041|5949||3640,00|0|0|0|0|0|0||
|C100|1|0|800007107|01|00|U|0069143||24052011|24052011|360,00|0|||360,00|9||||0|0||||||||
|C170|1|100150||1,00000|UN|360,00||0|041|5949|||||0||0|||||||99||||||99|||||||
|C190|041|5949||360,00|0|0|0|0|0|0||
|C100|1|0|3143|01|00|U|0069084||10052011|10052011|325,00|0|||325,00|9||||0|0||||||||
|C170|1|040123||1,00000|UN|325,00||0|041|5949|||||0||0|||||||99||||||99|||||||
|C190|041|5949||325,00|0|0|0|0|0|0||
|C100|1|0|3143|01|00|U|0069085||10052011|10052011|89,00|0|||89,00|9||||0|0||||||||
|C170|1|840122||1,00000|UN|89,00||0|041|5949|||||0||0|||||||99||||||99|||||||
|C190|041|5949||89,00|0|0|0|0|0|0||
|C100|1|0|41|01|00|U|0069073||06052011|06052011|199,00|0|||199,00|9||||0|0||||||||
|C170|1|040570||1,00000|UN|199,00||0|041|5949|||||0||0|||||||99||||||99|||||||
|C190|041|5949||199,00|0|0|0|0|0|0||
|C100|1|0|41|01|00|U|0069065||05052011|05052011|1168,00|0|||1168,00|9||||0|0||||||||
|C170|1|040133||1,00000|UN|769,00||0|041|5949|||||0||0|||||||99||||||99|||||||
|C170|2|100200||1,00000|UN|399,00||0|041|5949|||||0||0|||||||99||||||99|||||||
|C190|041|5949||1168,00|0|0|0|0|0|0||
|C100|1|0|41|01|00|U|0069103||16052011|16052011|769,00|0|||769,00|9||||0|0||||||||
|C170|1|040133||1,00000|UN|769,00||0|041|5949|||||0||0|||||||99||||||99|||||||
|C190|041|5949||769,00|0|0|0|0|0|0||
|C100|1|0|800007120|01|00|U|0069177||30052011|30052011|399,00|0|||399,00|9||||0|0||||||||
|C170|1|100200||1,00000|UN|399,00||0|041|5949|||||0||0|||||||99||||||99|||||||
|C190|041|5949||399,00|0|0|0|0|0|0||
|C100|1|0|800007121|01|00|U|0069169||30052011|30052011|1938,00|0|||1938,00|9||||0|0||||||||
|C170|1|031150||1,00000|UN|1739,00||0|041|5949|||||0||0|||||||99||||||99|||||||
|C170|2|290053||1,00000|UN|199,00||0|041|5949|||||0||0|||||||99||||||99|||||||
|C190|041|5949||1938,00|0|0|0|0|0|0||
|C100|1|0|800007122|01|00|U|0069164||28052011|28052011|329,00|0|||329,00|9||||0|0||||||||
|C170|1|060170||1,00000|UN|329,00||0|041|5949|||||0||0|||||||99||||||99|||||||
|C190|041|5949||329,00|0|0|0|0|0|0||
|C100|1|0|800007123|01|00|U|0069089||11052011|11052011|1499,00|0|||1499,00|9||||0|0||||||||
|C170|1|040223||1,00000|UN|1499,00||0|041|5949|||||0||0|||||||99||||||99|||||||
|C190|041|5949||1499,00|0|0|0|0|0|0||
|C100|1|0|800008049|01|00|U|0069120||20052011|20052011|519,00|0|||519,00|9||||0|0||||||||
|C170|1|100030||1,00000|UN|519,00||0|041|5949|||||0||0|||||||99||||||99|||||||
|C190|041|5949||519,00|0|0|0|0|0|0||
|C100|1|0|800007125|01|00|U|0069115||19052011|19052011|1628,00|0|||1628,00|9||||0|0||||||||
|C170|1|180190||1,00000|UN|271,00||0|041|5949|||||0||0|||||||99||||||99|||||||
|C170|2|180970||1,00000|UN|1357,00||0|041|5949|||||0||0|||||||99||||||99|||||||
|C190|041|5949||1628,00|0|0|0|0|0|0||
|C100|1|0|800007125|01|00|U|0069168||30052011|30052011|1222,00|0|||1222,00|9||||0|0||||||||
|C170|1|030830||1,00000|UN|1222,00||0|041|5949|||||0||0|||||||99||||||99|||||||
|C190|041|5949||1222,00|0|0|0|0|0|0||
|C100|1|0|800006994|01|00|U|0069137||23052011|23052011|769,00|0|||769,00|9||||0|0||||||||
|C170|1|040133||1,00000|UN|769,00||0|041|5949|||||0||0|||||||99||||||99|||||||
|C190|041|5949||769,00|0|0|0|0|0|0||
|C100|1|0|800006994|01|00|U|0069146||25052011|25052011|4184,00|0|||4184,00|9||||0|0||||||||
|C170|1|040213||1,00000|UN|1329,00||0|041|5949|||||0||0|||||||99||||||99|||||||
|C170|2|040430||1,00000|UN|312,00||0|041|5949|||||0||0|||||||99||||||99|||||||
|C170|3|180770||2,00000|UN|2398,00||0|041|5949|||||0||0|||||||99||||||99|||||||
|C170|4|330050||1,00000|UN|46,00||0|041|5949|||||0||0|||||||99||||||99|||||||
|C170|5|330020||1,00000|UN|99,00||0|041|5949|||||0||0|||||||99||||||99|||||||
|C190|041|5949||4184,00|0|0|0|0|0|0||
|C100|1|0|800006994|01|00|U|0069147||25052011|25052011|394,00|0|||394,00|9||||0|0||||||||
|C170|1|500621||1,00000|UN|56,00||0|041|5949|||||0||0|||||||99||||||99|||||||
|C170|2|813420||1,00000|UN|65,00||0|041|5949|||||0||0|||||||99||||||99|||||||
|C170|3|850260||1,00000|UN|103,00||0|041|5949|||||0||0|||||||99||||||99|||||||
|C170|4|903080||1,00000|UN|170,00||0|041|5949|||||0||0|||||||99||||||99|||||||
|C190|041|5949||394,00|0|0|0|0|0|0||
|C100|1|0|800006994|01|00|U|0069128||20052011|20052011|9,00|0|||9,00|9||||0|0||||||||
|C170|1|940360||1,00000|UN|9,00||0|041|5949|||||0||0|||||||99||||||99|||||||
|C190|041|5949||9,00|0|0|0|0|0|0||
|C100|1|0|800006994|01|00|U|0069068||05052011|05052011|158,00|0|||158,00|9||||0|0||||||||
|C170|1|090120||1,00000|UN|42,00||0|041|5949|||||0||0|||||||99||||||99|||||||
|C170|2|330250||1,00000|UN|99,00||0|041|5949|||||0||0|||||||99||||||99|||||||
|C170|3|500555||1,00000|UN|17,00||0|041|5949|||||0||0|||||||99||||||99|||||||
|C190|041|5949||158,00|0|0|0|0|0|0||
|C100|1|0|800006994|01|00|U|0069176||30052011|30052011|1590,88|0|||1590,88|9||||0|0||||||||
|C170|1|180203||2,00000|UN|478,62||0|041|5915|||||0||0|||||||99||||||99|||||||
|C170|2|180380||1,00000|UN|319,26||0|041|5915|||||0||0|||||||99||||||99|||||||
|C170|3|180770||1,00000|UN|793,00||0|041|5915|||||0||0|||||||99||||||99|||||||
|C190|041|5915||1590,88|0|0|0|0|0|0||
|C100|1|0|800007126|01|00|U|0069136||23052011|23052011|2349,00|0|||2349,00|9||||0|0||||||||
|C170|1|950330||1,00000|UN|2349,00||0|041|5949|||||0||0|||||||99||||||99|||||||
|C190|041|5949||2349,00|0|0|0|0|0|0||
|C100|1|0|800007127|01|00|U|0069091||11052011|11052011|1000,00|0|||1000,00|9||||0|0||||||||
|C170|1|220393||1,00000|UN|1000,00||0|041|5949|||||0||0|||||||99||||||99|||||||
|C190|041|5949||1000,00|0|0|0|0|0|0||
|C100|1|0|800007127|01|00|U|0069167||28052011|28052011|1175,00|0|||1175,00|9||||0|0||||||||
|C170|1|220303||1,00000|UN|1175,00||0|041|5949|||||0||0|||||||99||||||99|||||||
|C190|041|5949||1175,00|0|0|0|0|0|0||
|C100|1|0|800006986|01|00|U|0069187||31052011|31052011|592,80|0|||515,48|9||||515,48|36,08||||||||
|C170|1|040173||1,00000|UN|515,48||0|000|6202||515,48|7,00|36,08|0||0|||||||01|515,48|0,65|||3,35|01|515,48|3,00|||15,46||
|C190|000|6202|7,00|592,80|515,48|36,08|0|0|0|0||
|C100|0|1|800008026|01|00|1|0008616||20052011|20052011|2470,53|0|||2470,53|9||||2470,53|419,99||||||||
|C170|1|100210||1,00000|UN|232,47||0|000|1152||232,47|17,00|39,52|0||0||||||||||||||||||||
|C170|2|180700||1,00000|UN|2238,06||0|000|1152||2238,06|17,00|380,47|0||0||||||||||||||||||||
|C190|000|1152|17,00|2470,53|2470,53|419,99|0|0|0|0||
|C100|0|1|800008026|01|00|1|0008622||21052011|21052011|1004,54|0|||1004,54|9||||1004,54|170,77||||||||
|C170|1|031120||1,00000|UN|512,71||0|000|1152||512,71|17,00|87,16|0||0||||||||||||||||||||
|C170|2|105080||1,00000|UN|122,47||0|000|1152||122,47|17,00|20,82|0||0||||||||||||||||||||
|C170|3|180380||1,00000|UN|319,26||0|000|1152||319,26|17,00|54,27|0||0||||||||||||||||||||
|C170|4|502371||15,00000|UN|50,10||0|000|1152||50,10|17,00|8,52|0||0||||||||||||||||||||
|C190|000|1152|17,00|1004,54|1004,54|170,77|0|0|0|0||
|C100|0|1|800008026|01|00|1|0008623||21052011|21052011|106,49|0|||106,49|9||||106,49|18,10||||||||
|C170|1|813360||12,00000|UN|50,16||0|000|1152||50,16|17,00|8,53|0||0||||||||||||||||||||
|C170|2|890440||1,00000|UN|31,46||0|000|1152||31,46|17,00|5,35|0||0||||||||||||||||||||
|C170|3|900621||1,00000|UN|24,87||0|000|1152||24,87|17,00|4,23|0||0||||||||||||||||||||
|C190|000|1152|17,00|106,49|106,49|18,10|0|0|0|0||
|C100|0|1|800008026|01|00|1|0008625||22052011|22052011|2765,33|0|||2765,33|9||||2765,33|470,11||||||||
|C170|1|030373||1,00000|UN|718,08||0|000|1152||718,08|17,00|122,07|0||0||||||||||||||||||||
|C170|2|030850||1,00000|UN|1511,38||0|000|1152||1511,38|17,00|256,93|0||0||||||||||||||||||||
|C170|3|030910||1,00000|UN|535,87||0|000|1152||535,87|17,00|91,10|0||0||||||||||||||||||||
|C190|000|1152|17,00|2765,33|2765,33|470,11|0|0|0|0||
|C100|0|1|800008026|01|00|1|0008626||23052011|23052011|7654,60|0|||7654,60|9||||7654,60|1301,28||||||||
|C170|1|031073||1,00000|UN|1002,29||0|000|1152||1002,29|17,00|170,39|0||0||||||||||||||||||||
|C170|2|031170||1,00000|UN|1105,06||0|000|1152||1105,06|17,00|187,86|0||0||||||||||||||||||||
|C170|3|040453||1,00000|UN|368,45||0|000|1152||368,45|17,00|62,64|0||0||||||||||||||||||||
|C170|4|040423||1,00000|UN|471,65||0|000|1152||471,65|17,00|80,18|0||0||||||||||||||||||||
|C170|5|040053||1,00000|UN|745,95||0|000|1152||745,95|17,00|126,81|0||0||||||||||||||||||||
|C170|6|040393||1,00000|UN|581,01||0|000|1152||581,01|17,00|98,77|0||0||||||||||||||||||||
|C170|7|050543||1,00000|UN|283,64||0|000|1152||283,64|17,00|48,22|0||0||||||||||||||||||||
|C170|8|100013||1,00000|UN|187,05||0|000|1152||187,05|17,00|31,80|0||0||||||||||||||||||||
|C170|9|100150||1,00000|UN|246,48||0|000|1152||246,48|17,00|41,90|0||0||||||||||||||||||||
|C170|10|220590||1,00000|UN|612,60||0|000|1152||612,60|17,00|104,14|0||0||||||||||||||||||||
|C170|11|220600||1,00000|UN|736,78||0|000|1152||736,78|17,00|125,25|0||0||||||||||||||||||||
|C170|12|180770||1,00000|UN|793,00||0|000|1152||793,00|17,00|134,81|0||0||||||||||||||||||||
|C170|13|100200||1,00000|UN|248,31||0|000|1152||248,31|17,00|42,21|0||0||||||||||||||||||||
|C170|14|100053||1,00000|UN|272,33||0|000|1152||272,33|17,00|46,30|0||0||||||||||||||||||||
|C190|000|1152|17,00|7654,60|7654,60|1301,28|0|0|0|0||
|C100|0|1|800008026|01|00|1|0008627||24052011|24052011|2212,77|0|||2212,77|9||||2212,77|376,17||||||||
|C170|1|030073||1,00000|UN|1412,52||0|000|1152||1412,52|17,00|240,13|0||0||||||||||||||||||||
|C170|2|030363||1,00000|UN|650,48||0|000|1152||650,48|17,00|110,58|0||0||||||||||||||||||||
|C170|3|290060||1,00000|UN|149,77||0|000|1152||149,77|17,00|25,46|0||0||||||||||||||||||||
|C190|000|1152|17,00|2212,77|2212,77|376,17|0|0|0|0||
|C100|0|1|800008026|01|00|1|0008628||24052011|24052011|21,96|0|||21,96|9||||21,96|3,73||||||||
|C170|1|811130||4,00000|UN|21,96||0|000|1152||21,96|17,00|3,73|0||0||||||||||||||||||||
|C190|000|1152|17,00|21,96|21,96|3,73|0|0|0|0||
|C100|0|1|800008026|01|00|1|0008632||24052011|24052011|405,12|0|||405,12|9||||405,12|68,87||||||||
|C170|1|120020||1,00000|UN|54,68||0|000|1152||54,68|17,00|9,30|0||0||||||||||||||||||||
|C170|2|120030||1,00000|UN|60,50||0|000|1152||60,50|17,00|10,29|0||0||||||||||||||||||||
|C170|3|330050||1,00000|UN|27,29||0|000|1152||27,29|17,00|4,64|0||0||||||||||||||||||||
|C170|4|330240||1,00000|UN|43,17||0|000|1152||43,17|17,00|7,34|0||0||||||||||||||||||||
|C170|5|200520||1,00000|UN|97,65||0|000|1152||97,65|17,00|16,60|0||0||||||||||||||||||||
|C170|6|330250||1,00000|UN|58,97||0|000|1152||58,97|17,00|10,02|0||0||||||||||||||||||||
|C170|7|901542||1,00000|UN|8,63||0|000|1152||8,63|17,00|1,47|0||0||||||||||||||||||||
|C170|8|530380||1,00000|UN|21,68||0|000|1152||21,68|17,00|3,69|0||0||||||||||||||||||||
|C170|9|910782||1,00000|UN|32,55||0|000|1152||32,55|17,00|5,53|0||0||||||||||||||||||||
|C190|000|1152|17,00|405,12|405,12|68,87|0|0|0|0||
|C100|0|1|800008026|01|00|1|0008634||25052011|25052011|589,81|0|||589,81|9||||589,81|100,27||||||||
|C170|1|030553||1,00000|UN|589,81||0|000|1152||589,81|17,00|100,27|0||0||||||||||||||||||||
|C190|000|1152|17,00|589,81|589,81|100,27|0|0|0|0||
|C100|0|1|800008026|01|00|1|0008638||25052011|25052011|407,83|0|||407,83|9||||407,83|69,33||||||||
|C170|1|105300||1,00000|UN|23,46||0|000|1152||23,46|17,00|3,99|0||0||||||||||||||||||||
|C170|2|120080||1,00000|UN|85,49||0|000|1152||85,49|17,00|14,53|0||0||||||||||||||||||||
|C170|3|290340||1,00000|UN|30,89||0|000|1152||30,89|17,00|5,25|0||0||||||||||||||||||||
|C170|4|680660||1,00000|UN|28,59||0|000|1152||28,59|17,00|4,86|0||0||||||||||||||||||||
|C170|5|890560||1,00000|UN|115,37||0|000|1152||115,37|17,00|19,61|0||0||||||||||||||||||||
|C170|6|890500||1,00000|UN|60,12||0|000|1152||60,12|17,00|10,22|0||0||||||||||||||||||||
|C170|7|900221||1,00000|UN|31,36||0|000|1152||31,36|17,00|5,33|0||0||||||||||||||||||||
|C170|8|910784||1,00000|UN|32,55||0|000|1152||32,55|17,00|5,53|0||0||||||||||||||||||||
|C190|000|1152|17,00|407,83|407,83|69,33|0|0|0|0||
|C100|0|1|800008026|01|00|1|0008639||25052011|25052011|295,41|0|||295,41|9||||295,41|50,22||||||||
|C170|1|970600||1,00000|UN|295,41||0|000|1152||295,41|17,00|50,22|0||0||||||||||||||||||||
|C190|000|1152|17,00|295,41|295,41|50,22|0|0|0|0||
|C100|0|1|800008026|01|00|1|0008640||25052011|25052011|145,20|0|||145,20|9||||145,20|24,68||||||||
|C170|1|180263||1,00000|UN|145,20||0|000|1152||145,20|17,00|24,68|0||0||||||||||||||||||||
|C190|000|1152|17,00|145,20|145,20|24,68|0|0|0|0||
|C100|0|1|800008026|01|00|1|0008641||25052011|25052011|80,93|0|||80,93|9||||80,93|13,76||||||||
|C170|1|813660||1,00000|UN|27,89||0|000|1152||27,89|17,00|4,74|0||0||||||||||||||||||||
|C170|2|840480||2,00000|UN|53,04||0|000|1152||53,04|17,00|9,02|0||0||||||||||||||||||||
|C190|000|1152|17,00|80,93|80,93|13,76|0|0|0|0||
|C100|0|1|800008026|01|00|1|0008643||26052011|26052011|1033,15|0|||1033,15|9||||1032,85|175,58||||||||
|C170|1|100210||1,00000|UN|232,47||0|000|1152||232,47|17,00|39,52|0||0||||||||||||||||||||
|C170|2|120030||1,00000|UN|60,50||0|000|1152||60,50|17,00|10,29|0||0||||||||||||||||||||
|C170|3|501110||1,00000|UN|144,77||0|000|1152||144,47|17,00|24,56|0||0||||||||||||||||||||
|C170|4|330030||1,00000|UN|75,98||0|000|1152||75,98|17,00|12,92|0||0||||||||||||||||||||
|C170|5|290250||1,00000|UN|72,33||0|000|1152||72,33|17,00|12,30|0||0||||||||||||||||||||
|C170|6|330050||1,00000|UN|27,29||0|000|1152||27,29|17,00|4,64|0||0||||||||||||||||||||
|C170|7|890500||2,00000|UN|120,24||0|000|1152||120,24|17,00|20,44|0||0||||||||||||||||||||
|C170|8|680150||1,00000|UN|41,75||0|000|1152||41,75|17,00|7,10|0||0||||||||||||||||||||
|C170|9|760800||1,00000|UN|104,47||0|000|1152||104,47|17,00|17,76|0||0||||||||||||||||||||
|C170|10|902171||1,00000|UN|153,35||0|000|1152||153,35|17,00|26,07|0||0||||||||||||||||||||
|C190|000|1152|17,00|1033,15|1032,85|175,58|0|0|0|0||
|C100|0|1|800008026|01|00|1|0008645||28052011|28052011|46,85|0|||46,85|9||||46,85|7,96||||||||
|C170|1|900570||1,00000|UN|5,99||0|000|1152||5,99|17,00|1,02|0||0||||||||||||||||||||
|C170|2|903562||2,00000|UN|40,86||0|000|1152||40,86|17,00|6,95|0||0||||||||||||||||||||
|C190|000|1152|17,00|46,85|46,85|7,96|0|0|0|0||
|C100|0|1|800008026|01|00|1|0008650||29052011|29052011|118,05|0|||118,05|9||||118,05|20,07||||||||
|C170|1|290053||1,00000|UN|118,05||0|000|1152||118,05|17,00|20,07|0||0||||||||||||||||||||
|C190|000|1152|17,00|118,05|118,05|20,07|0|0|0|0||
|C100|0|1|800008026|01|00|1|0008653||30052011|30052011|115,50|0|||115,50|9||||115,50|19,64||||||||
|C170|1|101200||1,00000|UN|38,42||0|000|1152||38,42|17,00|6,53|0||0||||||||||||||||||||
|C170|2|330050||1,00000|UN|27,29||0|000|1152||27,29|17,00|4,64|0||0||||||||||||||||||||
|C170|3|840620||1,00000|UN|27,32||0|000|1152||27,32|17,00|4,64|0||0||||||||||||||||||||
|C170|4|500171||1,00000|UN|22,47||0|000|1152||22,47|17,00|3,82|0||0||||||||||||||||||||
|C190|000|1152|17,00|115,50|115,50|19,64|0|0|0|0||
|C100|0|1|800008026|01|00|1|0008654||30052011|30052011|741,00|0|||741,00|9||||741,00|125,97||||||||
|C170|1|180253||1,00000|UN|186,02||0|000|1152||186,02|17,00|31,62|0||0||||||||||||||||||||
|C170|2|250520||1,00000|UN|554,98||0|000|1152||554,98|17,00|94,35|0||0||||||||||||||||||||
|C190|000|1152|17,00|741,00|741,00|125,97|0|0|0|0||
|C100|0|1|800008026|01|00|1|0008655||31052011|31052011|26,42|0|||26,42|9||||26,42|4,49||||||||
|C170|1|290260||1,00000|UN|26,42||0|000|1152||26,42|17,00|4,49|0||0||||||||||||||||||||
|C190|000|1152|17,00|26,42|26,42|4,49|0|0|0|0||
|C100|0|1|800008026|01|00|1|0008656||31052011|31052011|793,00|0|||793,00|9||||793,00|134,81||||||||
|C170|1|180770||1,00000|UN|793,00||0|000|1152||793,00|17,00|134,81|0||0||||||||||||||||||||
|C190|000|1152|17,00|793,00|793,00|134,81|0|0|0|0||
|C100|0|1|800008026|01|00|1|0008657||31052011|31052011|8574,19|0|||8574,19|9||||8574,19|1457,61||||||||
|C170|1|030153||2,00000|UN|3033,30||0|000|1152||3033,30|17,00|515,66|0||0||||||||||||||||||||
|C170|2|030373||1,00000|UN|718,08||0|000|1152||718,08|17,00|122,07|0||0||||||||||||||||||||
|C170|3|100030||1,00000|UN|318,40||0|000|1152||318,40|17,00|54,13|0||0||||||||||||||||||||
|C170|4|040423||1,00000|UN|471,65||0|000|1152||471,65|17,00|80,18|0||0||||||||||||||||||||
|C170|5|040550||1,00000|UN|90,15||0|000|1152||90,15|17,00|15,33|0||0||||||||||||||||||||
|C170|6|040053||1,00000|UN|745,95||0|000|1152||745,95|17,00|126,81|0||0||||||||||||||||||||
|C170|7|180213||1,00000|UN|250,36||0|000|1152||250,36|17,00|42,56|0||0||||||||||||||||||||
|C170|8|200150||1,00000|UN|1781,68||0|000|1152||1781,68|17,00|302,89|0||0||||||||||||||||||||
|C170|9|100200||1,00000|UN|248,31||0|000|1152||248,31|17,00|42,21|0||0||||||||||||||||||||
|C170|10|250303||1,00000|UN|916,31||0|000|1152||916,31|17,00|155,77|0||0||||||||||||||||||||
|C190|000|1152|17,00|8574,19|8574,19|1457,61|0|0|0|0||
|C100|0|1|800007105|55|00|1|000004990|35110407666326000100550010000049901715705776|26042011|25052011|3210,57|1|||2912,90|1||||2912,90|203,90||||||||
|C170|1|101160||6,00000|PC|34,38||0|000|2102||34,38|7,00|2,41|0||0||||||||||||||||||||
|C170|2|101170||6,00000|PC|40,20||0|000|2102||40,20|7,00|2,81|0||0||||||||||||||||||||
|C170|3|101520||48,00000|PC|258,24||0|000|2102||258,24|7,00|18,08|0||0||||||||||||||||||||
|C170|4|63371||24,00000|PC|127,92||0|000|2102||127,92|7,00|8,95|0||0||||||||||||||||||||
|C170|5|63376||24,00000|PC|111,36||0|000|2102||111,36|7,00|7,80|0||0||||||||||||||||||||
|C170|6|101550||48,00000|PC|878,88||0|000|2102||878,88|7,00|61,52|0||0||||||||||||||||||||
|C170|7|101510||48,00000|PC|291,84||0|000|2102||291,84|7,00|20,43|0||0||||||||||||||||||||
|C170|8|101510||48,00000|PC|275,04||0|000|2102||275,04|7,00|19,25|0||0||||||||||||||||||||
|C170|9|101420||48,00000|PC|216,48||0|000|2102||216,48|7,00|15,15|0||0||||||||||||||||||||
|C170|10|101540||12,00000|PC|155,76||0|000|2102||155,76|7,00|10,90|0||0||||||||||||||||||||
|C170|11|101491||6,00000|PC|105,24||0|000|2102||105,24|7,00|7,37|0||0||||||||||||||||||||
|C170|12|101492||6,00000|PC|136,80||0|000|2102||136,80|7,00|9,58|0||0||||||||||||||||||||
|C170|13|101493||6,00000|PC|54,96||0|000|2102||54,96|7,00|3,85|0||0||||||||||||||||||||
|C170|14|101494||6,00000|PC|98,28||0|000|2102||98,28|7,00|6,88|0||0||||||||||||||||||||
|C170|15|101530||16,00000|PC|127,52||0|000|2102||127,52|7,00|8,93|0||0||||||||||||||||||||
|C190|000|2102|7,00|3210,57|2912,90|203,90|0|0|0|0||
|C100|0|1|800006996|55|00|1|000010793|35110502169801000100550010000107931184860874|03052011|31052011|1519,02|1|||1349,84|1||||1349,84|94,49||||||||
|C170|1|521041||3,00000|CJ|118,80||0|000|2102||118,80|7,00|8,32|0||0||||||||||||||||||||
|C170|2|521041||3,00000|CJ|118,80||0|000|2102||118,80|7,00|8,32|0||0||||||||||||||||||||
|C170|3|520351||4,00000|PC|129,60||0|000|2102||129,60|7,00|9,07|0||0||||||||||||||||||||
|C170|4|520352||4,00000|PC|158,40||0|000|2102||158,40|7,00|11,09|0||0||||||||||||||||||||
|C170|5|520353||4,00000|PC|158,40||0|000|2102||158,40|7,00|11,09|0||0||||||||||||||||||||
|C170|6|520440||4,00000|PC|120,04||0|000|2102||120,04|7,00|8,40|0||0||||||||||||||||||||
|C170|7|520742||5,00000|PC|178,60||0|000|2102||178,60|7,00|12,50|0||0||||||||||||||||||||
|C170|8|520740||6,00000|PC|367,20||0|000|2102||367,20|7,00|25,70|0||0||||||||||||||||||||
|C190|000|2102|7,00|1519,02|1349,84|94,49|0|0|0|0||
|C100|0|1|800007040|55|00|3|000014168|35110460963378000112550030000141681565382070|28042011|31052011|203,28|1|||181,50|1||||181,50|12,71||||||||
|C170|1|70040||1,00000|PC|181,50||0|000|2910||181,50|7,00|12,71|0||0||||||||||||||||||||
|C190|000|2910|7,00|203,28|181,50|12,71|0|0|0|0||
|C100|0|1|800007040|55|00|3|000014167|35110460963378000112550030000141671301572691|28042011|31052011|4350,39|1|||3836,84|1||||3836,84|268,58||||||||
|C170|1|900051||2,00000|PC|109,50||0|000|2102||109,50|7,00|7,67|0||0||||||||||||||||||||
|C170|2|903150||4,00000|PC|74,68||0|000|2102||74,68|7,00|5,23|0||0||||||||||||||||||||
|C170|3|903150||4,00000|PC|73,48||0|000|2102||73,48|7,00|5,14|0||0||||||||||||||||||||
|C170|4|900671||12,00000|JG|38,64||0|000|2102||38,64|7,00|2,70|0||0||||||||||||||||||||
|C170|5|900693||2,00000|PC|68,84||0|000|2102||68,84|7,00|4,82|0||0||||||||||||||||||||
|C170|6|900202||4,00000|PC|49,48||0|000|2102||49,48|7,00|3,46|0||0||||||||||||||||||||
|C170|7|900450||4,00000|JG|83,68||0|000|2102||83,68|7,00|5,86|0||0||||||||||||||||||||
|C170|8|902230||6,00000|PC|152,34||0|000|2102||152,34|7,00|10,66|0||0||||||||||||||||||||
|C170|9|900951||24,00000|JG|48,48||0|000|2102||48,48|7,00|3,39|0||0||||||||||||||||||||
|C170|10|903170||24,00000|PC|60,96||0|000|2102||60,96|7,00|4,27|0||0||||||||||||||||||||
|C170|11|903180||24,00000|JG|59,04||0|000|2102||59,04|7,00|4,13|0||0||||||||||||||||||||
|C170|12|16254||2,00000|PC|14,84||0|000|2102||14,84|7,00|1,04|0||0||||||||||||||||||||
|C170|13|903490||24,00000|PC|96,00||0|000|2102||96,00|7,00|6,72|0||0||||||||||||||||||||
|C170|14|900401||2,00000|PC|122,70||0|000|2102||122,70|7,00|8,59|0||0||||||||||||||||||||
|C170|15|900621||3,00000|PC|67,26||0|000|2102||67,26|7,00|4,71|0||0||||||||||||||||||||
|C170|16|900491||4,00000|PC|94,48||0|000|2102||94,48|7,00|6,61|0||0||||||||||||||||||||
|C170|17|900491||4,00000|PC|94,48||0|000|2102||94,48|7,00|6,61|0||0||||||||||||||||||||
|C170|18|900491||4,00000|PC|94,48||0|000|2102||94,48|7,00|6,61|0||0||||||||||||||||||||
|C170|19|900453||2,00000|JG|58,04||0|000|2102||58,04|7,00|4,06|0||0||||||||||||||||||||
|C170|20|900431||4,00000|JG|39,88||0|000|2102||39,88|7,00|2,79|0||0||||||||||||||||||||
|C170|21|900431||2,00000|JG|19,94||0|000|2102||19,94|7,00|1,40|0||0||||||||||||||||||||
|C170|22|900431||2,00000|JG|20,70||0|000|2102||20,70|7,00|1,45|0||0||||||||||||||||||||
|C170|23|900431||2,00000|JG|20,70||0|000|2102||20,70|7,00|1,45|0||0||||||||||||||||||||
|C170|24|900431||2,00000|JG|20,70||0|000|2102||20,70|7,00|1,45|0||0||||||||||||||||||||
|C170|25|900431||2,00000|JG|20,70||0|000|2102||20,70|7,00|1,45|0||0||||||||||||||||||||
|C170|26|900431||2,00000|JG|20,70||0|000|2102||20,70|7,00|1,45|0||0||||||||||||||||||||
|C170|27|900454||2,00000|JG|53,40||0|000|2102||53,40|7,00|3,74|0||0||||||||||||||||||||
|C170|28|900456||4,00000|JG|61,48||0|000|2102||61,48|7,00|4,30|0||0||||||||||||||||||||
|C170|29|900455||4,00000|JG|65,40||0|000|2102||65,40|7,00|4,58|0||0||||||||||||||||||||
|C170|30|900432||4,00000|PC|20,68||0|000|2102||20,68|7,00|1,45|0||0||||||||||||||||||||
|C170|31|901311||8,00000|JG|53,36||0|000|2102||53,36|7,00|3,74|0||0||||||||||||||||||||
|C170|32|901313||8,00000|JG|50,96||0|000|2102||50,96|7,00|3,57|0||0||||||||||||||||||||
|C170|33|901314||8,00000|JG|54,56||0|000|2102||54,56|7,00|3,82|0||0||||||||||||||||||||
|C170|34|901312||8,00000|JG|62,40||0|000|2102||62,40|7,00|4,37|0||0||||||||||||||||||||
|C170|35|900433||8,00000|PC|88,88||0|000|2102||88,88|7,00|6,22|0||0||||||||||||||||||||
|C170|36|900781||4,00000|JG|318,00||0|000|2102||318,00|7,00|22,26|0||0||||||||||||||||||||
|C170|37|900782||4,00000|JG|294,00||0|000|2102||294,00|7,00|20,58|0||0||||||||||||||||||||
|C170|38|900783||4,00000|JG|342,00||0|000|2102||342,00|7,00|23,94|0||0||||||||||||||||||||
|C170|39|900784||4,00000|JG|747,00||0|000|2102||747,00|7,00|52,29|0||0||||||||||||||||||||
|C190|000|2102|7,00|4350,39|3836,84|268,58|0|0|0|0||
|C100|0|1|800008042|55|00|1|000000002|23110510724743000168550010000000021100340933|23052011|25052011|8335,50|1|||8335,50|1||||8335,50|1417,04||||||||
|C170|1|150040||100,00000|1|4450,00||0|000|1102||4450,00|17,00|756,50|0||0||||||||||||||||||||
|C170|2|150420||50,00000|1|3885,50||0|000|1102||3885,50|17,00|660,53|0||0||||||||||||||||||||
|C190|000|1102|17,00|8335,50|8335,50|1417,04|0|0|0|0||
|C100|0|1|800007042|55|00|2|000164022|42110582984287000104550020001640221005270865|09052011|25052011|3808,80|1|||3312,00|1||||3312,00|231,84||||||||
|C170|1|950330||3,00000|UN|3312,00||0|000|2102||3312,00|7,00|231,84|0||0||||||||||||||||||||
|C190|000|2102|7,00|3808,80|3312,00|231,84|0|0|0|0||
|C100|0|1|800007042|55|00|2|000162156|42110582984287000104550020001621561005250842|03052011|16052011|14989,60|1|||13209,28|1||||13209,28|924,65||||||||
|C170|1|9982||10,00000|UN|3094,28||0|000|2102||3094,28|7,00|216,60|0||0||||||||||||||||||||
|C170|2|5456||10,00000|UN|7320,00||0|000|2102||7320,00|7,00|512,40|0||0||||||||||||||||||||
|C170|3|950440||5,00000|UN|2795,00||0|000|2102||2795,00|7,00|195,65|0||0||||||||||||||||||||
|C190|000|2102|7,00|14989,60|13209,28|924,65|0|0|0|0||
|C100|0|1|800006974|55|00|1|000177108|23110402948030000230550010001771081011771088|27042011|13052011|3806,19|1|||3659,80|1||||3659,80|622,17||||||||
|C170|1|100030||10,00000|UD|3659,80||0|000|1102||3659,80|17,00|622,17|0||0||||||||||||||||||||
|C190|000|1102|17,00|3806,19|3659,80|622,17|0|0|0|0||
|C100|0|1|800008028|55|00|1|000343504|35110559105999000348550010003435041791316097|19052011|31052011|4473,52|1|||3994,22|1||||3994,22|279,60||||||||
|C170|1|030770||5,00000|PC|3503,70||0|000|2102||3503,70|7,00|245,26|0||0||||||||||||||||||||
|C170|2|030770||1,00000|PC|490,52||0|000|2102||490,52|7,00|34,34|0||0||||||||||||||||||||
|C190|000|2102|7,00|4473,52|3994,22|279,60|0|0|0|0||
|C100|0|1|800006986|55|00|1|000551029|42110559105999003959550010005510291425385675|12052011|26052011|15041,20|1|||13079,30|1||||13079,30|915,55||||||||
|C170|1|030830||10,00000|PC|13079,30||0|000|2102||13079,30|7,00|915,55|0||0||||||||||||||||||||
|C190|000|2102|7,00|15041,20|13079,30|915,55|0|0|0|0||
|C100|0|1|800006986|55|00|1|000551030|42110559105999003959550010005510301881135920|12052011|26052011|2371,21|1|||2061,92|1||||2061,92|144,33||||||||
|C170|1|040173||4,00000|PC|2061,92||0|000|2102||2061,92|7,00|144,33|0||0||||||||||||||||||||
|C190|000|2102|7,00|2371,21|2061,92|144,33|0|0|0|0||
|C100|0|1|800006986|55|00|1|000551031|42110559105999003959550010005510311328618820|12052011|26052011|13072,57|1|||11367,45|1||||11367,45|795,72||||||||
|C170|1|030013||5,00000|PC|4827,80||0|000|2102||4827,80|7,00|337,95|0||0||||||||||||||||||||
|C170|2|030830||5,00000|PC|6539,65||0|000|2102||6539,65|7,00|457,78|0||0||||||||||||||||||||
|C190|000|2102|7,00|13072,57|11367,45|795,72|0|0|0|0||
|C100|0|1|800006983|55|00|1|000037524|26110559105999006036550010000375241286110740|12052011|26052011|1256,55|1|||1092,65|1||||1092,65|131,12||||||||
|C170|1|030113||1,00000|PC|1092,65||0|000|2102||1092,65|12,00|131,12|0||0||||||||||||||||||||
|C190|000|2102|12,00|1256,55|1092,65|131,12|0|0|0|0||
|C100|0|1|800006985|55|00|1|000344047|35110460736279001250550010003440471057415670|29042011|13052011|9284,39|1|||8300,00|1|627,30|||8927,30|624,91||||||||
|C170|1|051210||10,00000|PEC|8300,00||0|000|2102||8927,30|7,00|624,91|0||0||||||||||||||||||||
|C190|000|2102|7,00|9284,39|8927,30|624,91|0|0|0|0||
|C100|0|1|800006985|55|00|1|000338307|35110460736279001250550010003383071138104181|25042011|13052011|6490,31|1|||6110,00|1|71,25|||6181,25|432,69||||||||
|C170|1|051080||5,00000|PEC|6110,00||0|000|2102||6181,25|7,00|432,69|0||0||||||||||||||||||||
|C190|000|2102|7,00|6490,31|6181,25|432,69|0|0|0|0||
|C100|0|1|800006986|55|00|1|000559364|42110559105999003959550010005593641023119867|24052011|31052011|336,35|1|||305,77|1||||305,77|21,40||||||||
|C170|1|040550||3,00000|PC|210,72||0|000|2102||210,72|7,00|14,75|0||0||||||||||||||||||||
|C170|2|040570||1,00000|PC|95,05||0|000|2102||95,05|7,00|6,65|0||0||||||||||||||||||||
|C190|000|2102|7,00|336,35|305,77|21,40|0|0|0|0||
|C100|0|1|800006986|55|00|1|000559363|42110559105999003959550010005593631164485277|24052011|31052011|3074,50|1|||2673,48|1||||2651,70|185,62||||||||
|C170|1|030133||3,00000|PC|2673,48||0|000|2102||2651,70|7,00|185,62|0||0||||||||||||||||||||
|C190|000|2102|7,00|3074,50|2651,70|185,62|0|0|0|0||
|C100|0|1|800008028|55|00|1|000343652|35110559105999000348550010003436521627916560|20052011|31052011|4153,99|1|||3994,22|1||||3994,22|279,60||||||||
|C170|1|030760||5,00000|PC|3503,70||0|000|2102||3503,70|7,00|245,26|0||0||||||||||||||||||||
|C170|2|030760||1,00000|PC|490,52||0|000|2102||490,52|7,00|34,34|0||0||||||||||||||||||||
|C190|000|2102|7,00|4153,99|3994,22|279,60|0|0|0|0||
|C100|0|1|2836|01|00|1|0093153||24052011|24052011|169,99|9|||169,99|9||||0|0||||||||
|C170|1|089342-8||1,00000|UN|159,00||0|090|1556|||||0||0||||||||||||||||||||
|C170|2|090024-9||1,00000|UN|10,99||0|090|1556|||||0||0||||||||||||||||||||
|C190|090|1556||169,99|0|0|0|0|0|0||
|C100|0|1|800008026|01|00|1|0008560||02052011|02052011|16,94|9|||16,94|9||||16,94|2,88||||||||
|C170|1|531040||1,00000|UN|16,94||0|000|1152||16,94|17,00|2,88|0||0||||||||||||||||||||
|C190|000|1152|17,00|16,94|16,94|2,88|0|0|0|0||
|C100|0|1|800008026|01|00|1|0008563||02052011|02052011|248,31|9|||248,31|9||||248,31|42,21||||||||
|C170|1|100200||1,00000|UN|248,31||0|000|1152||248,31|17,00|42,21|0||0||||||||||||||||||||
|C190|000|1152|17,00|248,31|248,31|42,21|0|0|0|0||
|C100|0|1|800008026|01|00|1|0008566||03052011|03052011|253,54|9|||253,54|9||||253,54|43,10||||||||
|C170|1|813400||1,00000|UN|139,96||0|000|1152||139,96|17,00|23,79|0||0||||||||||||||||||||
|C170|2|500140||1,00000|UN|25,28||0|000|1152||25,28|17,00|4,30|0||0||||||||||||||||||||
|C170|3|290180||1,00000|UN|26,89||0|000|1152||26,89|17,00|4,57|0||0||||||||||||||||||||
|C170|4|500082||1,00000|UN|22,67||0|000|1152||22,67|17,00|3,85|0||0||||||||||||||||||||
|C170|5|500083||1,00000|UN|18,04||0|000|1152||18,04|17,00|3,07|0||0||||||||||||||||||||
|C170|6|910910||1,00000|UN|20,70||0|000|1152||20,70|17,00|3,52|0||0||||||||||||||||||||
|C190|000|1152|17,00|253,54|253,54|43,10|0|0|0|0||
|C100|0|1|800008026|01|00|1|0008568||03052011|03052011|352,02|9|||352,02|9||||352,02|59,84||||||||
|C170|1|103240||1,00000|UN|17,19||0|000|1152||17,19|17,00|2,92|0||0||||||||||||||||||||
|C170|2|090240||1,00000|UN|34,93||0|000|1152||34,93|17,00|5,94|0||0||||||||||||||||||||
|C170|3|500090||1,00000|UN|32,79||0|000|1152||32,79|17,00|5,57|0||0||||||||||||||||||||
|C170|4|502202||1,00000|UN|37,97||0|000|1152||37,97|17,00|6,45|0||0||||||||||||||||||||
|C170|5|501110||1,00000|UN|144,77||0|000|1152||144,77|17,00|24,61|0||0||||||||||||||||||||
|C170|6|120070||1,00000|UN|29,64||0|000|1152||29,64|17,00|5,04|0||0||||||||||||||||||||
|C170|7|090010||1,00000|UN|54,73||0|000|1152||54,73|17,00|9,30|0||0||||||||||||||||||||
|C190|000|1152|17,00|352,02|352,02|59,84|0|0|0|0||
|C100|0|1|800008026|01|00|1|0008569||03052011|03052011|84,83|9|||84,83|9||||84,83|14,42||||||||
|C170|1|180930||1,00000|UN|84,83||0|000|1152||84,83|17,00|14,42|0||0||||||||||||||||||||
|C190|000|1152|17,00|84,83|84,83|14,42|0|0|0|0||
|C100|0|1|800008026|01|00|1|0008573||05052011|05052011|851,27|9|||851,27|9||||851,27|144,72||||||||
|C170|1|051210||1,00000|UN|851,27||0|000|1152||851,27|17,00|144,72|0||0||||||||||||||||||||
|C190|000|1152|17,00|851,27|851,27|144,72|0|0|0|0||
|C100|0|1|800008026|01|00|1|0008577||06052011|06052011|1598,67|9|||1598,67|9||||1598,67|271,77||||||||
|C170|1|100210||1,00000|UN|232,47||0|000|1152||232,47|17,00|39,52|0||0||||||||||||||||||||
|C170|2|100220||1,00000|UN|239,02||0|000|1152||239,02|17,00|40,63|0||0||||||||||||||||||||
|C170|3|030143||1,00000|UN|1127,18||0|000|1152||1127,18|17,00|191,62|0||0||||||||||||||||||||
|C190|000|1152|17,00|1598,67|1598,67|271,77|0|0|0|0||
|C100|0|1|800008026|01|00|1|0008578||06052011|06052011|278,83|9|||278,83|9||||278,83|47,40||||||||
|C170|1|970070||3,00000|UN|93,36||0|000|1152||93,36|17,00|15,87|0||0||||||||||||||||||||
|C170|2|813640||9,00000|UN|66,51||0|000|1152||66,51|17,00|11,31|0||0||||||||||||||||||||
|C170|3|660230||2,00000|UN|118,96||0|000|1152||118,96|17,00|20,22|0||0||||||||||||||||||||
|C190|000|1152|17,00|278,83|278,83|47,40|0|0|0|0||
|C100|0|1|800008026|01|00|1|0008579||07052011|07052011|1241,60|9|||1241,60|9||||1241,60|211,07||||||||
|C170|1|031073||1,00000|UN|1002,29||0|000|1152||1002,29|17,00|170,39|0||0||||||||||||||||||||
|C170|2|180203||1,00000|UN|239,31||0|000|1152||239,31|17,00|40,68|0||0||||||||||||||||||||
|C190|000|1152|17,00|1241,60|1241,60|211,07|0|0|0|0||
|C100|0|1|800008026|01|00|1|0008580||07052011|07052011|2492,73|9|||2492,73|9||||2492,73|423,76||||||||
|C170|1|030223||1,00000|UN|2492,73||0|000|1152||2492,73|17,00|423,76|0||0||||||||||||||||||||
|C190|000|1152|17,00|2492,73|2492,73|423,76|0|0|0|0||
|C100|0|1|800008026|01|00|1|0008588||09052011|09052011|103,50|9|||103,50|9||||103,50|17,60||||||||
|C170|1|890090||1,00000|UN|103,50||0|000|1152||103,50|17,00|17,59|0||0||||||||||||||||||||
|C190|000|1152|17,00|103,50|103,50|17,60|0|0|0|0||
|C100|0|1|800008026|01|00|1|0008589||09052011|09052011|320,43|9|||320,43|9||||320,43|54,47||||||||
|C170|1|100160||1,00000|UN|285,50||0|000|1152||285,50|17,00|48,53|0||0||||||||||||||||||||
|C170|2|090130||1,00000|UN|34,93||0|000|1152||34,93|17,00|5,94|0||0||||||||||||||||||||
|C190|000|1152|17,00|320,43|320,43|54,47|0|0|0|0||
|C100|0|1|800008026|01|00|1|0008590||10052011|10052011|425,79|9|||425,79|9||||425,79|72,38||||||||
|C170|1|220570||1,00000|UN|425,79||0|000|1152||425,79|17,00|72,38|0||0||||||||||||||||||||
|C190|000|1152|17,00|425,79|425,79|72,38|0|0|0|0||
|C100|0|1|800008026|01|00|1|0008591||10052011|10052011|900,63|9|||900,63|9||||900,63|153,11||||||||
|C170|1|031020||1,00000|UN|900,63||0|000|1152||900,63|17,00|153,11|0||0||||||||||||||||||||
|C190|000|1152|17,00|900,63|900,63|153,11|0|0|0|0||
|C100|0|1|800008026|01|00|1|0008592||11052011|11052011|85,49|9|||85,49|9||||85,49|14,53||||||||
|C170|1|120080||1,00000|UN|85,49||0|000|1152||85,49|17,00|14,53|0||0||||||||||||||||||||
|C190|000|1152|17,00|85,49|85,49|14,53|0|0|0|0||
|C100|0|1|800008026|01|00|1|0008596||12052011|12052011|83,91|9|||83,91|9||||83,91|14,26||||||||
|C170|1|910010||1,00000|UN|20,05||0|000|1152||20,05|17,00|3,41|0||0||||||||||||||||||||
|C170|2|902283||2,00000|UN|31,26||0|000|1152||31,26|17,00|5,31|0||0||||||||||||||||||||
|C170|3|902281||1,00000|UN|8,27||0|000|1152||8,27|17,00|1,41|0||0||||||||||||||||||||
|C170|4|950262||1,00000|UN|24,33||0|000|1152||24,33|17,00|4,14|0||0||||||||||||||||||||
|C190|000|1152|17,00|83,91|83,91|14,26|0|0|0|0||
|C100|0|1|800008026|01|00|1|0008597||12052011|12052011|610,83|9|||610,83|9||||610,83|103,84||||||||
|C170|1|950440||1,00000|UN|610,83||0|000|1152||610,83|17,00|103,84|0||0||||||||||||||||||||
|C190|000|1152|17,00|610,83|610,83|103,84|0|0|0|0||
|C100|0|1|800008026|01|00|1|0008599||12052011|12052011|43,31|9|||43,31|9||||43,31|7,36||||||||
|C170|1|150070||1,00000|UN|33,66||0|000|1152||33,66|17,00|5,72|0||0||||||||||||||||||||
|C170|2|880320||1,00000|UN|9,65||0|000|1152||9,65|17,00|1,64|0||0||||||||||||||||||||
|C190|000|1152|17,00|43,31|43,31|7,36|0|0|0|0||
|C100|0|1|800008026|01|00|1|0008601||12052011|12052011|102,68|9|||102,68|9||||102,68|17,46||||||||
|C170|1|330050||1,00000|UN|27,29||0|000|1152||27,29|17,00|4,64|0||0||||||||||||||||||||
|C170|2|950300||1,00000|UN|51,93||0|000|1152||51,93|17,00|8,83|0||0||||||||||||||||||||
|C170|3|105300||1,00000|UN|23,46||0|000|1152||23,46|17,00|3,99|0||0||||||||||||||||||||
|C190|000|1152|17,00|102,68|102,68|17,46|0|0|0|0||
|C100|0|1|800008026|01|00|1|0008602||12052011|12052011|1756,54|9|||1756,54|9||||1756,54|298,61||||||||
|C170|1|030880||1,00000|UN|1756,54||0|000|1152||1756,54|17,00|298,61|0||0||||||||||||||||||||
|C190|000|1152|17,00|1756,54|1756,54|298,61|0|0|0|0||
|C100|0|1|800008026|01|00|1|0008604||12052011|12052011|184,35|9|||184,35|9||||184,35|31,34||||||||
|C170|1|090240||1,00000|UN|34,93||0|000|1152||34,93|17,00|5,94|0||0||||||||||||||||||||
|C170|2|330050||1,00000|UN|27,29||0|000|1152||27,29|17,00|4,64|0||0||||||||||||||||||||
|C170|3|120090||1,00000|UN|42,35||0|000|1152||42,35|17,00|7,20|0||0||||||||||||||||||||
|C170|4|500140||1,00000|UN|25,28||0|000|1152||25,28|17,00|4,30|0||0||||||||||||||||||||
|C170|5|680940||1,00000|UN|21,95||0|000|1152||21,95|17,00|3,73|0||0||||||||||||||||||||
|C170|6|910782||1,00000|UN|32,55||0|000|1152||32,55|17,00|5,53|0||0||||||||||||||||||||
|C190|000|1152|17,00|184,35|184,35|31,34|0|0|0|0||
|C100|0|1|800008026|01|00|1|0008606||13052011|13052011|92,04|9|||92,04|9||||92,04|15,65||||||||
|C170|1|910950||2,00000|UN|56,12||0|000|1152||56,12|17,00|9,54|0||0||||||||||||||||||||
|C170|2|812570||1,00000|UN|8,34||0|000|1152||8,34|17,00|1,42|0||0||||||||||||||||||||
|C170|3|500390||1,00000|UN|27,58||0|000|1152||27,58|17,00|4,69|0||0||||||||||||||||||||
|C190|000|1152|17,00|92,04|92,04|15,65|0|0|0|0||
|C100|0|1|800008026|01|00|1|0008610||17052011|17052011|372,04|9|||372,04|9||||372,04|63,25||||||||
|C170|1|180253||2,00000|UN|372,04||0|000|1152||372,04|17,00|63,25|0||0||||||||||||||||||||
|C190|000|1152|17,00|372,04|372,04|63,25|0|0|0|0||
|C100|0|1|800008026|01|00|1|0008612||18052011|18052011|287,00|9|||287,00|9||||287,00|48,79||||||||
|C170|1|060210||1,00000|UN|287,00||0|000|1152||287,00|17,00|48,79|0||0||||||||||||||||||||
|C190|000|1152|17,00|287,00|287,00|48,79|0|0|0|0||
|C100|0|1|800008026|01|00|1|0008614||18052011|18052011|37,97|9|||37,97|9||||37,97|6,45||||||||
|C170|1|502202||1,00000|UN|37,97||0|000|1152||37,97|17,00|6,45|0||0||||||||||||||||||||
|C190|000|1152|17,00|37,97|37,97|6,45|0|0|0|0||
|C100|0|1|800006985|55|00|1|000341053|35110460736279001250550010003410531507053440|27042011|13052011|9899,94|1|||8120,00|1|488,64|||8608,64|602,60||||||||
|C170|1|050973||4,00000|PEC|8120,00||0|000|2102||8608,64|7,00|602,60|0||0||||||||||||||||||||
|C190|000|2102|7,00|9899,94|8608,64|602,60|0|0|0|0||
|C400|2D|ECF|GEXNJ20000|2|
|C405|02052011|1|1286|25664|10455268,41|3345|
|C420|01T1700|3345|1||
|C425|532210|1|UN|8|0,05|0,24|
|C425|090350|1|UN|199|1,29|5,97|
|C425|180253|1|UN|319|2,07|9,57|
|C425|500660|1|UN|25|0,16|0,75|
|C425|050553|1|UN|649|4,22|19,47|
|C425|890500|1|UN|99|0,64|2,97|
|C425|902470|1|UN|25|0,16|0,75|
|C425|501940|1|UN|12|0,08|0,36|
|C425|812260|1|UN|25|0,16|0,75|
|C425|680920|1|UN|12|0,08|0,36|
|C425|532220|1|UN|9|0,06|0,27|
|C425|030363|1|UN|1049|6,82|31,47|
|C425|290270|1|UN|89|0,58|2,67|
|C425|950120|1|UN|49|0,32|1,47|
|C425|900060|1|UN|10|0,07|0,3|
|C425|950230|11|UN|132|0,86|3,96|
|C425|890360|1|UN|149|0,97|4,47|
|C425|700590|1|UN|9|0,06|0,27|
|C425|650200|1|UN|39|0,25|1,17|
|C425|330050|1|UN|49|0,32|1,47|
|C425|180280|1|UN|89|0,58|2,67|
|C425|180260|1|UN|299|1,94|8,97|
|C490|000|5102|17|3345|3345|568,65||
|C405|03052011|1|1287|25682|10460720,41|5452|
|C420|01T1700|5452|1||
|C425|650200|1|UN|39|0,25|1,17|
|C425|660262|1|UN|25|0,16|0,75|
|C425|500460|1|UN|29|0,19|0,87|
|C425|220590|1|UN|474|3,08|14,22|
|C425|900461|3|UN|36|0,23|1,08|
|C425|850050|1|UN|55|0,36|1,65|
|C425|200030|1|UN|618|4,02|18,54|
|C425|813550|1|UN|35|0,23|1,05|
|C425|220600|1|UN|570|3,71|17,1|
|C425|030373|1|UN|1199|7,79|35,97|
|C425|502393|1|UN|6|0,04|0,18|
|C425|330050|1|UN|49|0,32|1,47|
|C425|180320|2|UN|78|0,5|2,34|
|C425|180280|2|UN|178|1,16|5,34|
|C425|103120|1|UN|10|0,07|0,3|
|C425|103110|2|UN|118|0,76|3,54|
|C425|030443|1|UN|584|3,8|17,52|
|C425|030383|1|UN|1349|8,77|40,47|
|C490|000|5102|17|5452|5452|926,84||
|C405|04052011|1|1288|25701|10465826,41|4408|
|C420|01T1700|4369|1||
|C425|220600|1|UN|570|3,71|17,1|
|C425|200040|1|UN|872|5,67|26,16|
|C425|520720|1|UN|39|0,25|1,17|
|C425|220590|1|UN|474|3,08|14,22|
|C425|101310|24|UN|264|1,72|7,92|
|C425|740240|1|UN|29|0,19|0,87|
|C425|200030|1|UN|618|4,02|18,54|
|C425|090280|1|UN|179|1,16|5,37|
|C425|100150|1|UN|399|2,59|11,97|
|C425|660230|1|UN|129|0,84|3,87|
|C425|330250|1|UN|99|0,64|2,97|
|C425|180930|1|UN|140|0,91|4,2|
|C425|180320|1|UN|39|0,25|1,17|
|C425|180203|1|UN|390|2,54|11,7|
|C425|120090|1|UN|69|0,45|2,07|
|C425|103110|1|UN|59|0,38|1,77|
|C420|N1|39|||
|C425|980160|1|UN|39|0,25|1,17|
|C490|000|5102|17|4369|4369|742,73||
|C490|041|5102|0|39|0|0||
|C405|05052011|1|1289|25726|10481783,41|15334|
|C420|01T1700|15334|1||
|C425|111010|1|UN|9|0,06|0,27|
|C425|040203|1|UN|1699|11,04|50,97|
|C425|090280|1|UN|179|1,16|5,37|
|C425|180263|1|UN|249|1,62|7,47|
|C425|330240|1|UN|75|0,49|2,25|
|C425|760220|1|UN|69|0,45|2,07|
|C425|840030|1|UN|14|0,09|0,42|
|C425|031020|1|UN|1420|9,23|42,6|
|C425|501530|1|UN|129|0,84|3,87|
|C425|103250|1|UN|29|0,19|0,87|
|C425|540120|1|UN|12|0,08|0,36|
|C425|090120|1|UN|42|0,27|1,26|
|C425|813640|11|UN|165|1,07|4,95|
|C425|500555|1|UN|17|0,11|0,51|
|C425|030133|2|UN|3598|23,38|107,94|
|C425|090240|1|UN|59|0,38|1,77|
|C425|030143|1|UN|1899|12,34|56,97|
|C425|030373|2|UN|2398|15,58|71,94|
|C425|030433|1|UN|799|5,19|23,97|
|C425|030523|1|UN|339|2,2|10,17|
|C425|040133|1|UN|769|5|23,07|
|C425|890360|1|UN|149|0,97|4,47|
|C425|100200|2|UN|789|5,13|23,67|
|C425|290220|1|UN|79|0,51|2,37|
|C425|330010|1|UN|112|0,73|3,36|
|C425|330050|2|UN|98|0,64|2,94|
|C425|330250|1|UN|99|0,64|2,97|
|C425|650200|1|UN|39|0,25|1,17|
|C490|000|5102|17|15334|15334|2606,78||
|C405|06052011|1|1290|25740|10486565,41|4782|
|C420|01T1700|4782|1||
|C425|180253|1|UN|319|2,07|9,57|
|C425|102802|1|UN|119|0,77|3,57|
|C425|200040|1|UN|810|5,27|24,3|
|C425|950262|1|UN|79|0,51|2,37|
|C425|030183|1|UN|2599|16,89|77,97|
|C425|670890|1|UN|32|0,21|0,96|
|C425|100210|1|UN|360|2,34|10,8|
|C425|702180|1|UN|129|0,84|3,87|
|C425|820131|1|UN|9|0,06|0,27|
|C425|040570|1|UN|199|1,29|5,97|
|C425|880260|1|UN|29|0,19|0,87|
|C425|180320|1|UN|39|0,25|1,17|
|C425|103110|1|UN|59|0,38|1,77|
|C490|000|5102|17|4782|4782|812,94||
|C405|07052011|1|1291|25762|10494235,41|7670|
|C420|01T1700|7656|1||
|C425|902330|1|UN|15|0,1|0,45|
|C425|900955|2|UN|16|0,1|0,48|
|C425|501770|1|UN|12|0,08|0,36|
|C425|180253|1|UN|319|2,07|9,57|
|C425|701420|1|UN|15|0,1|0,45|
|C425|811700|2|UN|24|0,16|0,72|
|C425|040233|1|UN|1150|7,48|34,5|
|C425|100013|1|UN|140|0,91|4,2|
|C425|700730|1|UN|12|0,08|0,36|
|C425|902141|1|UN|119|0,77|3,57|
|C425|903250|1|UN|19|0,12|0,57|
|C425|510250|1|UN|17|0,11|0,51|
|C425|810900|1|UN|12|0,08|0,36|
|C425|850070|1|UN|89|0,58|2,67|
|C425|880340|1|UN|299|1,94|8,97|
|C425|200040|1|UN|864|5,62|25,92|
|C425|030363|1|UN|1049|6,82|31,47|
|C425|502391|1|UN|12|0,08|0,36|
|C425|040013|1|UN|589|3,83|17,67|
|C425|180770|1|UN|615|4|18,45|
|C425|290033|1|UN|173|1,12|5,19|
|C425|290260|1|UN|49|0,32|1,47|
|C425|330090|1|UN|119|0,77|3,57|
|C425|501780|1|UN|13|0,08|0,39|
|C425|502383|4|UN|28|0,18|0,84|
|C425|813371|4|UN|24|0,16|0,72|
|C425|530461|1|UN|12|0,08|0,36|
|C425|820640|1|UN|7|0,05|0,21|
|C425|220133|1|UN|1670|10,86|50,1|
|C425|330030|1|UN|129|0,84|3,87|
|C425|810880|1|UN|12|0,08|0,36|
|C425|840240|1|UN|33|0,21|0,99|
|C420|N1|14|||
|C425|940370|1|UN|14|0,09|0,42|
|C490|000|5102|17|7656|7656|1301,52||
|C490|041|5102|0|14|0|0||
|C405|09052011|1|1292|25774|10496765,42|2530|
|C420|N1|99|||
|C425|710320|1|UN|99|0,64|2,97|
|C420|02T1700|2431|2||
|C425|813371|2|UN|12|0,08|0,36|
|C425|103030|2|UN|118|0,77|3,54|
|C425|701270|1|UN|25|0,16|0,75|
|C425|520690|1|UN|20|0,13|0,6|
|C425|050683|1|UN|839|5,45|25,17|
|C425|060210|1|UN|445|2,89|13,35|
|C425|900955|1|UN|12|0,08|0,36|
|C425|100160|1|UN|469|3,05|14,07|
|C425|890550|1|UN|229|1,49|6,87|
|C425|760058|1|UN|89|0,58|2,67|
|C425|104040|1|UN|10|0,07|0,3|
|C425|501850|1|UN|25|0,16|0,75|
|C425|120090|1|UN|69|0,45|2,07|
|C425|104030|1|UN|10|0,07|0,3|
|C425|103110|1|UN|59|0,38|1,77|
|C490|000|5102|17|2431|2431|413,27||
|C490|041|5102|0|99|0|0||
|C405|10052011|1|1293|25801|10509095,42|12330|
|C420|01T1700|12330|1||
|C425|812210|1|UN|39|0,25|1,17|
|C425|812040|6|UN|84|0,55|2,52|
|C425|701120|1|UN|14|0,09|0,42|
|C425|910730|1|UN|29|0,19|0,87|
|C425|180263|3|UN|747|4,86|22,41|
|C425|100013|1|UN|299|1,94|8,97|
|C425|040570|1|UN|199|1,29|5,97|
|C425|030083|1|UN|2909|18,91|87,27|
|C425|501940|1|UN|12|0,08|0,36|
|C425|970310|1|UN|119|0,77|3,57|
|C425|840122|1|UN|89|0,58|2,67|
|C425|270010|2|UN|849|5,52|25,47|
|C425|030830|1|UN|1233|8,01|36,99|
|C425|180290|1|UN|129|0,84|3,87|
|C425|030850|1|UN|1186|7,71|35,58|
|C425|031110|1|UN|402|2,61|12,06|
|C425|070420|1|UN|299|1,94|8,97|
|C425|180203|1|UN|399|2,59|11,97|
|C425|040123|1|UN|325|2,11|9,75|
|C425|180770|2|UN|1230|8|36,9|
|C425|180920|4|UN|276|1,8|8,28|
|C425|250520|1|UN|475|3,09|14,25|
|C425|290060|1|UN|133|0,86|3,99|
|C425|950370|1|UN|854|5,55|25,62|
|C490|000|5102|17|12330|12330|2096,1||
|C405|11052011|1|1294|25823|10519583,42|10488|
|C420|01T1700|10446|1||
|C425|030880|2|UN|2604|16,93|78,12|
|C425|900121|1|UN|22|0,14|0,66|
|C425|050543|1|UN|459|2,98|13,77|
|C425|701590|1|UN|39|0,25|1,17|
|C425|811700|1|UN|11|0,07|0,33|
|C425|850050|1|UN|59|0,38|1,77|
|C425|701460|1|UN|19|0,12|0,57|
|C425|812210|1|UN|39|0,25|1,17|
|C425|900283|1|UN|22|0,14|0,66|
|C425|820090|1|UN|9|0,06|0,27|
|C425|902811|1|UN|15|0,1|0,45|
|C425|502384|1|UN|39|0,25|1,17|
|C425|500555|1|UN|17|0,11|0,51|
|C425|030383|1|UN|1280|8,32|38,4|
|C425|330210|2|UN|138|0,9|4,14|
|C425|030533|1|UN|520|3,38|15,6|
|C425|030850|1|UN|2370|15,41|71,1|
|C425|103110|1|UN|59|0,38|1,77|
|C425|180243|1|UN|520|3,38|15,6|
|C425|220393|1|UN|1000|6,5|30|
|C425|500580|1|UN|9|0,06|0,27|
|C425|502383|1|UN|6|0,04|0,18|
|C425|502391|1|UN|12|0,08|0,36|
|C425|040570|1|UN|199|1,29|5,97|
|C425|031120|1|UN|979|6,36|29,37|
|C420|N1|42|||
|C425|940390|1|UN|29|0,19|0,87|
|C425|980220|1|UN|6|0,04|0,18|
|C425|940340|1|UN|7|0,05|0,21|
|C490|000|5102|17|10446|10446|1775,82||
|C490|041|5102|0|42|0|0||
|C405|12052011|1|1295|25844|10531896,42|12313|
|C420|01T1700|12227|1||
|C425|050683|1|UN|375|2,44|11,25|
|C425|890500|1|UN|99|0,64|2,97|
|C425|180390|1|UN|495|3,22|14,85|
|C425|501110|1|UN|289|1,88|8,67|
|C425|501771|1|UN|19|0,12|0,57|
|C425|660900|1|UN|65|0,42|1,95|
|C425|030293|1|UN|1519|9,87|45,57|
|C425|521110|1|UN|12|0,08|0,36|
|C425|103240|1|UN|35|0,23|1,05|
|C425|813500|1|UN|74|0,48|2,22|
|C425|531380|1|UN|19|0,12|0,57|
|C425|813570|1|UN|59|0,38|1,77|
|C425|910880|1|UN|35|0,23|1,05|
|C425|810352|2|UN|30|0,2|0,9|
|C425|820140|1|UN|8|0,05|0,24|
|C425|030253|1|UN|715|4,65|21,45|
|C425|180290|1|UN|129|0,84|3,87|
|C425|030333|1|UN|825|5,36|24,75|
|C425|030433|1|UN|685|4,45|20,55|
|C425|030443|2|UN|1699|11,05|50,97|
|C425|030553|1|UN|996|6,47|29,88|
|C425|100160|1|UN|469|3,05|14,07|
|C425|100210|1|UN|170|1,11|5,1|
|C425|104030|3|UN|30|0,2|0,9|
|C425|030093|1|UN|982|6,38|29,46|
|C425|180700|1|UN|1705|11,08|51,15|
|C425|180770|1|UN|578|3,76|17,34|
|C425|501780|1|UN|13|0,08|0,39|
|C425|530461|1|UN|12|0,08|0,36|
|C425|813360|3|UN|27|0,18|0,81|
|C425|840970|1|UN|59|0,38|1,77|
|C420|N1|86|||
|C425|710280|1|UN|79|0,51|2,37|
|C425|940340|1|UN|7|0,05|0,21|
|C490|000|5102|17|12227|12227|2078,59||
|C490|041|5102|0|86|0|0||
|C405|13052011|1|1296|25864|10540983,42|9087|
|C420|01T1700|9058|1||
|C425|050553|1|UN|649|4,22|19,47|
|C425|911050|1|UN|39|0,25|1,17|
|C425|903192|1|UN|9|0,06|0,27|
|C425|180263|1|UN|240|1,56|7,2|
|C425|670890|1|UN|32|0,21|0,96|
|C425|840620|1|UN|55|0,36|1,65|
|C425|900020|1|UN|55|0,36|1,65|
|C425|812210|1|UN|39|0,25|1,17|
|C425|040460|1|UN|349|2,27|10,47|
|C425|850070|1|UN|89|0,58|2,67|
|C425|810561|1|UN|30|0,2|0,9|
|C425|030383|2|UN|1247|8,11|37,41|
|C425|180600|1|UN|339|2,2|10,17|
|C425|030460|1|UN|1315|8,55|39,45|
|C425|030850|1|UN|2370|15,41|71,1|
|C425|040133|1|UN|769|5|23,07|
|C425|040393|1|UN|999|6,49|29,97|
|C425|901100|1|UN|139|0,9|4,17|
|C425|200480|1|UN|179|1,16|5,37|
|C425|330210|1|UN|66|0,43|1,98|
|C425|810540|1|UN|39|0,25|1,17|
|C425|813371|2|UN|10|0,07|0,3|
|C420|N1|29|||
|C425|940390|1|UN|29|0,19|0,87|
|C490|000|5102|17|9058|9058|1539,86||
|C490|041|5102|0|29|0|0||
|C405|14052011|1|1297|25875|10541695,42|712|
|C420|01T1700|712|1||
|C425|103110|1|UN|59|0,38|1,77|
|C425|890500|1|UN|99|0,64|2,97|
|C425|180263|2|UN|484|3,15|14,52|
|C425|500390|1|UN|55|0,36|1,65|
|C425|810890|1|UN|7|0,05|0,21|
|C425|900211|1|UN|8|0,05|0,24|
|C490|000|5102|17|712|712|121,04||
|C405|16052011|1|1298|25901|10549564,44|7869|
|C420|01T1700|7869|1||
|C425|670890|1|UN|32|0,21|0,96|
|C425|840620|1|UN|55|0,36|1,65|
|C425|950300|1|UN|89|0,58|2,67|
|C425|101320|24|UN|264|1,72|7,92|
|C425|180263|7|UN|1743|11,33|52,29|
|C425|104300|2|UN|24|0,16|0,72|
|C425|840231|1|UN|35|0,23|1,05|
|C425|101310|24|UN|264|1,72|7,92|
|C425|106110|1|UN|149|0,97|4,47|
|C425|532430|1|UN|179|1,16|5,37|
|C425|813660|1|UN|55|0,36|1,65|
|C425|030373|1|UN|1139|7,4|34,17|
|C425|104200|2|UN|24|0,16|0,72|
|C425|501270|1|UN|12|0,08|0,36|
|C425|840970|1|UN|59|0,38|1,77|
|C425|813360|1|UN|9|0,06|0,27|
|C425|811250|1|UN|45|0,29|1,35|
|C425|330090|1|UN|115|0,75|3,45|
|C425|120020|1|UN|98|0,64|2,94|
|C425|103120|1|UN|10|0,07|0,3|
|C425|040213|2|UN|2700|17,55|81|
|C425|040133|1|UN|769|5|23,07|
|C490|000|5102|17|7869|7869|1337,73||
|C405|17052011|1|1299|25913|10552294,44|2730|
|C420|01T1700|2711|1||
|C425|100160|1|UN|469|3,05|14,07|
|C425|103110|2|UN|118|0,77|3,54|
|C425|502181|1|UN|65|0,42|1,95|
|C425|031150|1|UN|1739|11,3|52,17|
|C425|902680|1|UN|12|0,08|0,36|
|C425|180253|1|UN|303|1,97|9,09|
|C425|650310|1|UN|5|0,03|0,15|
|C420|N1|19|||
|C425|710240|1|UN|19|0,12|0,57|
|C490|000|5102|17|2711|2711|460,87||
|C490|041|5102|0|19|0|0||
|C405|18052011|1|1300|25938|10559853,46|4859|
|C420|01T1700|4859|1||
|C425|900201|1|UN|15|0,1|0,45|
|C425|812860|1|UN|15|0,1|0,45|
|C425|900283|1|UN|22|0,14|0,66|
|C425|840411|1|UN|29|0,19|0,87|
|C425|531160|1|UN|35|0,23|1,05|
|C425|900710|1|UN|29|0,19|0,87|
|C425|911040|1|UN|45|0,29|1,35|
|C425|103260|1|UN|8|0,05|0,24|
|C425|500123|1|UN|19|0,12|0,57|
|C425|105300|1|UN|49|0,32|1,47|
|C425|900521|1|UN|29|0,19|0,87|
|C425|040013|1|UN|1239|8,05|37,17|
|C425|950310|1|UN|119|0,77|3,57|
|C425|040340|1|UN|1599|10,39|47,97|
|C425|103110|2|UN|118|0,76|3,54|
|C425|290220|1|UN|79|0,51|2,37|
|C425|840970|1|UN|59|0,38|1,77|
|C425|090100|1|UN|22|0,14|0,66|
|C425|290270|1|UN|86|0,56|2,58|
|C425|220100|1|UN|749|4,87|22,47|
|C425|970260|1|UN|29|0,19|0,87|
|C425|902580|1|UN|6|0,04|0,18|
|C425|050543|1|UN|459|2,98|13,77|
|C490|000|5102|17|4859|4859|826,03||
|C405|19052011|1|1301|25949|10568873,46|9020|
|C420|01T1700|9007|1||
|C425|810351|2|UN|26|0,17|0,78|
|C425|180960|1|UN|396|2,57|11,88|
|C425|200030|1|UN|618|4,02|18,54|
|C425|180263|1|UN|249|1,62|7,47|
|C425|180950|1|UN|4274|27,78|128,22|
|C425|812040|4|UN|56|0,36|1,68|
|C425|030483|2|UN|1424|9,26|42,72|
|C425|910710|1|UN|7|0,05|0,21|
|C425|200370|1|UN|329|2,14|9,87|
|C425|180970|1|UN|1357|8,82|40,71|
|C425|180190|1|UN|271|1,76|8,13|
|C420|N1|13|||
|C425|940330|1|UN|6|0,04|0,18|
|C425|940340|1|UN|7|0,05|0,21|
|C490|000|5102|17|9007|9007|1531,19||
|C490|041|5102|0|13|0|0||
|C405|20052011|1|1302|25967|10578938,46|10065|
|C420|01T1700|10056|1||
|C425|105101|1|UN|19|0,12|0,57|
|C425|811970|2|UN|138|0,9|4,14|
|C425|180263|1|UN|249|1,62|7,47|
|C425|900360|1|UN|17|0,11|0,51|
|C425|150050|2|UN|118|0,77|3,54|
|C425|105080|2|UN|483|3,14|14,49|
|C425|501960|2|UN|44|0,29|1,32|
|C425|040163|1|UN|859|5,58|25,77|
|C425|900100|1|UN|59|0,38|1,77|
|C425|900201|1|UN|15|0,1|0,45|
|C425|500622|1|UN|59|0,38|1,77|
|C425|902283|2|UN|62|0,4|1,86|
|C425|200040|1|UN|1799|11,69|53,97|
|C425|100200|1|UN|399|2,59|11,97|
|C425|500561|1|UN|19|0,12|0,57|
|C425|180700|1|UN|3640|23,66|109,2|
|C425|250520|1|UN|460|2,99|13,8|
|C425|290190|1|UN|55|0,36|1,65|
|C425|330050|2|UN|98|0,64|2,94|
|C425|330090|1|UN|119|0,77|3,57|
|C425|500510|1|UN|12|0,08|0,36|
|C425|650200|1|UN|39|0,25|1,17|
|C425|660090|1|UN|119|0,77|3,57|
|C425|680490|1|UN|34|0,22|1,02|
|C425|902740|1|UN|16|0,1|0,48|
|C425|950330|1|UN|1125|7,31|33,75|
|C420|N1|9|||
|C425|940360|1|UN|9|0,06|0,27|
|C490|000|5102|17|10056|10056|1709,52||
|C490|041|5102|0|9|0|0||
|C405|21052011|1|1303|25975|10585038,46|6100|
|C420|01T1700|5862|1||
|C425|890210|1|UN|449|2,92|13,47|
|C425|200040|1|UN|1799|11,69|53,97|
|C425|220590|2|UN|900|5,85|27|
|C425|890120|1|UN|35|0,23|1,05|
|C425|051220|1|UN|427|2,78|12,81|
|C425|811700|2|UN|24|0,16|0,72|
|C425|902482|1|UN|16|0,1|0,48|
|C425|040203|1|UN|764|4,97|22,92|
|C425|040550|1|UN|159|1,03|4,77|
|C425|501300|1|UN|5|0,03|0,15|
|C425|290190|1|UN|55|0,36|1,65|
|C425|200510|1|UN|598|3,89|17,94|
|C425|180320|1|UN|39|0,25|1,17|
|C425|120080|1|UN|169|1,1|5,07|
|C425|120020|1|UN|44|0,29|1,32|
|C425|100210|1|UN|379|2,46|11,37|
|C420|N1|238|||
|C425|710300|1|UN|89|0,58|2,67|
|C425|940450|1|UN|149|0,97|4,47|
|C490|000|5102|17|5862|5862|996,54||
|C490|041|5102|0|238|0|0||
|C405|23052011|1|1304|25994|10597570,46|12532|
|C420|01T1700|12443|1||
|C425|700350|1|UN|20|0,13|0,6|
|C425|902481|1|UN|10|0,07|0,3|
|C425|902482|1|UN|16|0,1|0,48|
|C425|180263|1|UN|249|1,62|7,47|
|C425|900250|1|UN|12|0,08|0,36|
|C425|812560|1|UN|49|0,32|1,47|
|C425|501890|1|UN|5|0,03|0,15|
|C425|813630|2|UN|70|0,46|2,1|
|C425|901472|1|UN|19|0,12|0,57|
|C425|502382|2|UN|8|0,05|0,24|
|C425|501480|1|UN|25|0,16|0,75|
|C425|030130|1|UN|1999|12,99|59,97|
|C425|040280|1|UN|1399|9,09|41,97|
|C425|030363|1|UN|1047|6,81|31,41|
|C425|030543|1|UN|749|4,87|22,47|
|C425|031170|2|UN|3529|22,94|105,87|
|C425|040133|1|UN|769|5|23,07|
|C425|502383|2|UN|12|0,08|0,36|
|C425|100030|1|UN|519|3,37|15,57|
|C425|180920|1|UN|69|0,45|2,07|
|C425|220370|1|UN|1799|11,69|53,97|
|C425|330210|1|UN|69|0,45|2,07|
|C420|N1|89|||
|C425|710300|1|UN|89|0,58|2,67|
|C490|000|5102|17|12443|12443|2115,31||
|C490|041|5102|0|89|0|0||
|C405|24052011|1|1305|26012|10606407,46|8837|
|C420|01T1700|8837|1||
|C425|502050|1|UN|19|0,12|0,57|
|C425|970560|1|UN|45|0,29|1,35|
|C425|030183|1|UN|2520|16,38|75,6|
|C425|050883|1|UN|2120|13,78|63,6|
|C425|050553|1|UN|300|1,95|9|
|C425|150320|1|UN|113|0,73|3,39|
|C425|820460|1|UN|5|0,03|0,15|
|C425|500810|1|UN|10|0,07|0,3|
|C425|040013|1|UN|1130|7,35|33,9|
|C425|902930|1|UN|15|0,1|0,45|
|C425|650200|1|UN|39|0,25|1,17|
|C425|330210|1|UN|69|0,45|2,07|
|C425|180920|2|UN|138|0,9|4,14|
|C425|180260|1|UN|295|1,92|8,85|
|C425|100150|1|UN|360|2,34|10,8|
|C425|040550|1|UN|159|1,03|4,77|
|C425|040223|1|UN|1500|9,75|45|
|C490|000|5102|17|8837|8837|1502,29||
|C405|25052011|1|1306|26022|10616957,46|10550|
|C420|01T1700|10550|1||
|C425|811610|1|UN|6|0,04|0,18|
|C425|811580|1|UN|6|0,04|0,18|
|C425|850260|1|UN|103|0,67|3,09|
|C425|813420|1|UN|65|0,42|1,95|
|C425|030083|1|UN|2999|19,49|89,97|
|C425|330020|1|UN|99|0,64|2,97|
|C425|903080|1|UN|170|1,11|5,1|
|C425|500621|1|UN|56|0,36|1,68|
|C425|040213|1|UN|1329|8,64|39,87|
|C425|813371|1|UN|6|0,04|0,18|
|C425|030033|1|UN|2599|16,89|77,97|
|C425|200520|1|UN|179|1,16|5,37|
|C425|330050|1|UN|46|0,3|1,38|
|C425|180770|2|UN|2398|15,59|71,94|
|C425|150040|1|UN|59|0,38|1,77|
|C425|103110|2|UN|118|0,77|3,54|
|C425|040430|1|UN|312|2,03|9,36|
|C490|000|5102|17|10550|10550|1793,5||
|C405|26052011|1|1307|26036|10620760,47|3803|
|C420|01T1700|3803|1||
|C425|040103|1|UN|1399|9,09|41,97|
|C425|040280|1|UN|1329|8,64|39,87|
|C425|100200|1|UN|399|2,59|11,97|
|C425|103110|3|UN|177|1,15|5,31|
|C425|901930|1|UN|12|0,08|0,36|
|C425|180263|1|UN|236|1,53|7,08|
|C425|900310|4|UN|32|0,21|0,96|
|C425|811590|2|UN|16|0,1|0,48|
|C425|902811|2|UN|30|0,2|0,9|
|C425|330200|1|UN|173|1,12|5,19|
|C490|000|5102|17|3803|3803|646,51||
|C405|27052011|1|1308|26048|10621824,48|1064|
|C420|01T1700|1064|1||
|C425|812040|1|UN|15|0,1|0,45|
|C425|902811|1|UN|15|0,1|0,45|
|C425|902500|1|UN|49|0,32|1,47|
|C425|820740|1|UN|25|0,16|0,75|
|C425|670890|1|UN|32|0,21|0,96|
|C425|120090|1|UN|69|0,45|2,07|
|C425|670900|2|UN|110|0,72|3,3|
|C425|521040|1|UN|8|0,05|0,24|
|C425|500510|1|UN|15|0,1|0,45|
|C425|180770|1|UN|597|3,88|17,91|
|C425|180290|1|UN|129|0,84|3,87|
|C490|000|5102|17|1064|1064|180,88||
|C405|28052011|1|1309|26073|10630114,49|8290|
|C420|01T1700|8290|1||
|C425|103121|1|UN|5|0,03|0,15|
|C425|811700|1|UN|12|0,08|0,36|
|C425|090010|1|UN|49|0,32|1,47|
|C425|660490|1|UN|6|0,04|0,18|
|C425|880180|1|UN|119|0,77|3,57|
|C425|902941|1|UN|10|0,07|0,3|
|C425|531310|1|UN|16|0,1|0,48|
|C425|104181|1|UN|29|0,19|0,87|
|C425|105104|1|UN|39|0,25|1,17|
|C425|813660|1|UN|55|0,36|1,65|
|C425|880350|1|UN|116|0,75|3,48|
|C425|500551|1|UN|29|0,19|0,87|
|C425|030103|1|UN|1210|7,87|36,3|
|C425|100210|1|UN|379|2,46|11,37|
|C425|031180|1|UN|1329|8,64|39,87|
|C425|040250|1|UN|899|5,84|26,97|
|C425|040430|1|UN|329|2,14|9,87|
|C425|070430|2|UN|400|2,6|12|
|C425|100200|2|UN|798|5,18|23,94|
|C425|220303|1|UN|1175|7,64|35,25|
|C425|103110|6|UN|354|2,29|10,62|
|C425|290340|1|UN|59|0,38|1,77|
|C425|950490|1|UN|529|3,44|15,87|
|C425|813440|1|UN|15|0,1|0,45|
|C425|060170|1|UN|329|2,14|9,87|
|C490|000|5102|17|8290|8290|1409,3||
|C405|30052011|1|1310|26089|10638425,5|8311|
|C420|01T1700|8311|1||
|C425|031160|1|UN|1680|10,92|50,4|
|C425|650290|1|UN|17|0,11|0,51|
|C425|903562|1|UN|42|0,27|1,26|
|C425|051320|1|UN|2229|14,49|66,87|
|C425|900570|1|UN|19|0,12|0,57|
|C425|903192|1|UN|10|0,07|0,3|
|C425|500610|1|UN|5|0,03|0,15|
|C425|030830|1|UN|1222|7,94|36,66|
|C425|030093|1|UN|2199|14,29|65,97|
|C425|813360|1|UN|10|0,07|0,3|
|C425|810170|1|UN|22|0,14|0,66|
|C425|180320|2|UN|78|0,51|2,34|
|C425|100210|1|UN|379|2,46|11,37|
|C425|100200|1|UN|399|2,59|11,97|
|C490|000|5102|17|8311|8311|1412,87||
|C405|31052011|1|1311|26120|10648451,5|10026|
|C420|01T1700|10026|1||
|C425|902811|1|UN|15|0,1|0,45|
|C425|500090|1|UN|65|0,42|1,95|
|C425|502202|1|UN|79|0,51|2,37|
|C425|120050|1|UN|157|1,02|4,71|
|C425|890070|1|UN|159|1,03|4,77|
|C425|051070|1|UN|1049|6,82|31,47|
|C425|680150|1|UN|89|0,58|2,67|
|C425|790020|1|UN|49|0,32|1,47|
|C425|106130|1|UN|99|0,64|2,97|
|C425|910190|1|UN|12|0,08|0,36|
|C425|200390|1|UN|233|1,51|6,99|
|C425|970120|1|UN|149|0,97|4,47|
|C425|911040|1|UN|45|0,29|1,35|
|C425|500083|1|UN|49|0,32|1,47|
|C425|640070|1|UN|99|0,64|2,97|
|C425|740020|1|UN|35|0,23|1,05|
|C425|740050|1|UN|29|0,19|0,87|
|C425|030130|1|UN|973|6,32|29,19|
|C425|290260|1|UN|49|0,32|1,47|
|C425|030450|1|UN|462|3|13,86|
|C425|031170|1|UN|1750|11,38|52,5|
|C425|100200|1|UN|379|2,46|11,37|
|C425|100210|1|UN|370|2,41|11,1|
|C425|180260|1|UN|147|0,96|4,41|
|C425|180770|1|UN|608|3,95|18,24|
|C425|220143|1|UN|418|2,72|12,54|
|C425|702210|2|UN|318|2,06|9,54|
|C425|290340|1|UN|59|0,38|1,77|
|C425|502201|1|UN|65|0,42|1,95|
|C425|950390|1|UN|892|5,8|26,76|
|C425|950120|1|UN|49|0,32|1,47|
|C425|902810|2|UN|58|0,38|1,74|
|C425|500140|1|UN|49|0,32|1,47|
|C425|040143|1|UN|919|5,97|27,57|
|C425|500081|1|UN|49|0,32|1,47|
|C490|000|5102|17|10026|10026|1704,42||
|C400|2D|ECF|BE0106SC56001133153|4|
|C405|03052011|1|975|12694|10153937,66|1279|
|C420|01T1700|1279|1||
|C425|040423|1|UN|848|5,51|25,44|
|C425|330090|1|UN|119|0,77|3,57|
|C425|702210|1|UN|159|1,03|4,77|
|C425|330240|1|UN|84|0,55|2,52|
|C425|890081|1|UN|69|0,45|2,07|
|C490|000|5102|17|1279|1279|217,43||
|C405|04052011|1|976|12699|10156404,66|2467|
|C420|01T1700|2467|1||
|C425|030383|1|UN|1349|8,77|40,47|
|C425|030433|1|UN|349|2,27|10,47|
|C425|040133|1|UN|769|5|23,07|
|C490|000|5102|17|2467|2467|419,39||
|C405|05052011|1|977|12713|10168052,66|11648|
|C420|01T1700|11648|1||
|C425|180203|1|UN|399|2,59|11,97|
|C425|040453|1|UN|629|4,09|18,87|
|C425|180253|1|UN|319|2,07|9,57|
|C425|051210|1|UN|1399|9,09|41,97|
|C425|090280|1|UN|189|1,23|5,67|
|C425|040123|1|UN|699|4,54|20,97|
|C425|030373|2|UN|2558|16,62|76,74|
|C425|100030|1|UN|519|3,37|15,57|
|C425|040423|1|UN|769|5|23,07|
|C425|040103|1|UN|1370|8,91|41,1|
|C425|040013|1|UN|1399|9,09|41,97|
|C425|030460|1|UN|1399|9,09|41,97|
|C490|000|5102|17|11648|11648|1980,16||
|C405|06052011|1|978|12730|10172179,66|4127|
|C420|01T1700|4127|1||
|C425|090100|1|UN|24|0,16|0,72|
|C425|090120|1|UN|27|0,18|0,81|
|C425|531380|1|UN|19|0,12|0,57|
|C425|970070|1|UN|59|0,38|1,77|
|C425|040453|1|UN|600|3,9|18|
|C425|100013|1|UN|293|1,9|8,79|
|C425|050553|1|UN|649|4,22|19,47|
|C425|200210|1|UN|459|2,98|13,77|
|C425|103110|1|UN|59|0,38|1,77|
|C425|760180|1|UN|69|0,45|2,07|
|C425|104040|1|UN|10|0,07|0,3|
|C425|040123|3|UN|1335|8,68|40,05|
|C425|290310|1|UN|140|0,91|4,2|
|C425|290190|1|UN|55|0,36|1,65|
|C425|180320|1|UN|37|0,24|1,11|
|C425|180260|1|UN|285|1,85|8,55|
|C425|104020|1|UN|7|0,05|0,21|
|C490|000|5102|17|4127|4127|701,59||
|C405|07052011|1|979|12739|10185474,66|13295|
|C420|01T1700|13295|1||
|C425|030383|1|UN|1529|9,94|45,87|
|C425|030443|1|UN|1189|7,73|35,67|
|C425|031073|1|UN|1580|10,27|47,4|
|C425|180203|1|UN|380|2,47|11,4|
|C425|950330|1|UN|2349|15,27|70,47|
|C425|031150|1|UN|1769|11,5|53,07|
|C425|030223|1|UN|4499|29,24|134,97|
|C490|000|5102|17|13295|13295|2260,15||
|C405|09052011|1|980|12749|10191000,66|5526|
|C420|01T1700|5526|1||
|C425|030443|1|UN|550|3,58|16,5|
|C425|030460|1|UN|1399|9,09|41,97|
|C425|030553|1|UN|1049|6,82|31,47|
|C425|100200|1|UN|409|2,66|12,27|
|C425|180203|1|UN|185|1,2|5,55|
|C425|220570|1|UN|650|4,23|19,5|
|C425|050543|1|UN|519|3,37|15,57|
|C425|050553|1|UN|649|4,22|19,47|
|C425|880350|1|UN|116|0,75|3,48|
|C490|000|5102|17|5526|5526|939,42||
|C405|10052011|1|981|12756|10195398,66|4398|
|C420|01T1700|4398|1||
|C425|030373|1|UN|1199|7,79|35,97|
|C425|040183|1|UN|899|5,84|26,97|
|C425|031020|1|UN|1440|9,36|43,2|
|C425|031260|1|UN|560|3,64|16,8|
|C425|100013|1|UN|300|1,95|9|
|C490|000|5102|17|4398|4398|747,66||
|C405|11052011|1|982|12768|10207679,66|12281|
|C420|01T1700|12281|1||
|C425|030383|1|UN|1299|8,44|38,97|
|C425|030830|1|UN|2499|16,24|74,97|
|C425|040223|2|UN|2998|19,48|89,94|
|C425|040440|1|UN|400|2,6|12|
|C425|180770|1|UN|1299|8,44|38,97|
|C425|220393|1|UN|2100|13,65|63|
|C425|290053|1|UN|199|1,29|5,97|
|C425|040123|1|UN|699|4,54|20,97|
|C425|180253|1|UN|319|2,07|9,57|
|C425|060210|1|UN|469|3,05|14,07|
|C490|000|5102|17|12281|12281|2087,77||
|C405|12052011|1|983|12775|10214176,66|6497|
|C420|01T1700|6497|1||
|C425|030253|1|UN|1500|9,75|45|
|C425|031170|1|UN|1819|11,82|54,57|
|C425|040280|1|UN|1399|9,09|41,97|
|C425|950440|1|UN|1150|7,48|34,5|
|C425|040453|1|UN|629|4,09|18,87|
|C490|000|5102|17|6497|6497|1104,49||
|C405|13052011|1|984|12783|10219861,66|5685|
|C420|01T1700|5685|1||
|C425|040223|1|UN|1569|10,2|47,07|
|C425|180260|1|UN|299|1,94|8,97|
|C425|031150|1|UN|1739|11,3|52,17|
|C425|031160|1|UN|1769|11,5|53,07|
|C425|100013|1|UN|309|2,01|9,27|
|C490|000|5102|17|5685|5685|966,45||
|C405|14052011|1|985|12793|10228424,66|8563|
|C420|01T1700|8563|1||
|C425|030303|1|UN|1999|12,99|59,97|
|C425|030373|1|UN|1199|7,79|35,97|
|C425|030443|1|UN|1229|7,99|36,87|
|C425|030533|1|UN|539|3,5|16,17|
|C425|040393|1|UN|939|6,1|28,17|
|C425|100030|1|UN|519|3,37|15,57|
|C425|100200|1|UN|370|2,41|11,1|
|C425|031160|1|UN|1769|11,5|53,07|
|C490|000|5102|17|8563|8563|1455,71||
|C405|16052011|1|986|12806|10236631,66|8207|
|C420|01T1700|8207|1||
|C425|330090|1|UN|119|0,77|3,57|
|C425|330240|1|UN|79|0,51|2,37|
|C425|180253|1|UN|319|2,07|9,57|
|C425|100053|2|UN|898|5,84|26,94|
|C425|040570|1|UN|199|1,29|5,97|
|C425|330250|1|UN|99|0,64|2,97|
|C425|030053|1|UN|1890|12,29|56,7|
|C425|290053|1|UN|229|1,49|6,87|
|C425|100030|1|UN|499|3,24|14,97|
|C425|040440|1|UN|429|2,79|12,87|
|C425|030373|2|UN|2398|15,58|71,94|
|C425|030363|1|UN|1049|6,82|31,47|
|C490|000|5102|17|8207|8207|1395,19||
|C405|17052011|1|987|12814|10241446,66|4815|
|C420|01T1700|4815|1||
|C425|030253|1|UN|1500|9,75|45|
|C425|030383|1|UN|1299|8,44|38,97|
|C425|030443|1|UN|1179|7,66|35,37|
|C425|100210|1|UN|379|2,46|11,37|
|C425|330030|1|UN|139|0,9|4,17|
|C425|180253|1|UN|319|2,07|9,57|
|C490|000|5102|17|4815|4815|818,55||
|C405|18052011|1|988|12821|10245562,66|4116|
|C420|01T1700|4116|1||
|C425|030133|1|UN|1799|11,69|53,97|
|C425|030363|1|UN|1049|6,82|31,47|
|C425|040133|1|UN|769|5|23,07|
|C425|060210|1|UN|499|3,24|14,97|
|C490|000|5102|17|4116|4116|699,72||
|C405|19052011|1|989|12831|10252025,66|6463|
|C420|01T1700|6463|1||
|C425|030130|1|UN|1999|12,99|59,97|
|C425|030373|3|UN|3498|22,73|104,94|
|C425|100210|1|UN|379|2,46|11,37|
|C425|910781|1|UN|69|0,45|2,07|
|C425|040470|1|UN|379|2,46|11,37|
|C425|105090|1|UN|139|0,9|4,17|
|C490|000|5102|17|6463|6463|1098,71||
|C405|20052011|1|990|12836|10253669,66|1644|
|C420|01T1700|1644|1||
|C425|040133|1|UN|745|4,84|22,35|
|C425|040423|1|UN|899|5,84|26,97|
|C490|000|5102|17|1644|1644|279,48||
|C405|21052011|1|991|12844|10260228,66|6559|
|C420|01T1700|6559|1||
|C425|030373|1|UN|1160|7,54|34,8|
|C425|031130|1|UN|1260|8,19|37,8|
|C425|040013|1|UN|1130|7,35|33,9|
|C425|040103|1|UN|1370|8,91|41,1|
|C425|040133|1|UN|769|5|23,07|
|C425|040183|1|UN|870|5,66|26,1|
|C490|000|5102|17|6559|6559|1115,03||
|C405|23052011|1|992|12857|10274135,66|13907|
|C420|01T1700|13907|1||
|C425|180770|1|UN|1299|8,44|38,97|
|C425|220590|1|UN|999|6,49|29,97|
|C425|040453|1|UN|629|4,09|18,87|
|C425|180263|1|UN|240|1,56|7,2|
|C425|220133|1|UN|1649|10,72|49,47|
|C425|040123|1|UN|729|4,74|21,87|
|C425|250520|1|UN|999|6,49|29,97|
|C425|030253|1|UN|1599|10,39|47,97|
|C425|100210|1|UN|370|2,41|11,1|
|C425|100030|1|UN|519|3,37|15,57|
|C425|040423|2|UN|1538|10|46,14|
|C425|030523|1|UN|339|2,2|10,17|
|C425|030373|1|UN|1199|7,79|35,97|
|C425|030333|1|UN|1799|11,69|53,97|
|C490|000|5102|17|13907|13907|2364,19||
|C405|24052011|1|993|12865|10281691,66|7556|
|C420|01T1700|7556|1||
|C425|030363|1|UN|1049|6,82|31,47|
|C425|030850|1|UN|2399|15,59|71,97|
|C425|030910|1|UN|969|6,3|29,07|
|C425|040133|1|UN|740|4,81|22,2|
|C425|030073|1|UN|2399|15,59|71,97|
|C490|000|5102|17|7556|7556|1284,52||
|C405|25052011|1|994|12872|10287918,66|6999|
|C420|01T1700|6999|1||
|C425|030553|1|UN|1049|6,82|31,47|
|C425|040340|1|UN|1599|10,39|47,97|
|C425|180243|1|UN|549|3,57|16,47|
|C425|330050|1|UN|49|0,32|1,47|
|C425|950460|1|UN|1359|8,83|40,77|
|C425|031273|1|UN|2220|14,43|66,6|
|C425|840620|1|UN|55|0,36|1,65|
|C425|910690|1|UN|45|0,29|1,35|
|C425|760820|1|UN|74|0,48|2,22|
|C490|000|5102|17|6999|6999|1189,83||
|C405|27052011|1|996|12893|10301718,66|13028|
|C420|01T1700|13028|1||
|C425|030830|4|UN|7432|48,31|222,96|
|C425|030850|1|UN|2499|16,24|74,97|
|C425|040013|1|UN|1100|7,15|33|
|C425|040423|1|UN|899|5,84|26,97|
|C425|100160|1|UN|499|3,24|14,97|
|C425|050840|1|UN|599|3,89|17,97|
|C490|000|5102|17|13028|13028|2214,76||
|C405|28052011|1|997|12903|10309362,66|7644|
|C420|01T1700|7545|1||
|C425|810520|1|UN|18|0,12|0,54|
|C425|902680|1|UN|12|0,08|0,36|
|C425|501110|1|UN|289|1,88|8,67|
|C425|501771|1|UN|25|0,16|0,75|
|C425|811700|1|UN|12|0,08|0,36|
|C425|900120|1|UN|17|0,11|0,51|
|C425|701110|1|UN|14|0,09|0,42|
|C425|500612|1|UN|14|0,09|0,42|
|C425|950141|1|UN|179|1,16|5,37|
|C425|105301|1|UN|79|0,51|2,37|
|C425|890590|1|UN|299|1,94|8,97|
|C425|970230|1|UN|25|0,16|0,75|
|C425|103240|1|UN|35|0,23|1,05|
|C425|820151|1|UN|25|0,16|0,75|
|C425|500123|1|UN|19|0,12|0,57|
|C425|030523|1|UN|339|2,2|10,17|
|C425|031263|1|UN|499|3,24|14,97|
|C425|100030|1|UN|519|3,37|15,57|
|C425|100160|1|UN|469|3,05|14,07|
|C425|812910|1|UN|29|0,19|0,87|
|C425|890210|1|UN|449|2,92|13,47|
|C425|030033|1|UN|2399|15,59|71,97|
|C425|031190|1|UN|999|6,49|29,97|
|C425|031260|1|UN|578|3,76|17,34|
|C425|500610|1|UN|5|0,03|0,15|
|C425|105100|1|UN|69|0,45|2,07|
|C425|500510|1|UN|15|0,1|0,45|
|C425|811030|1|UN|15|0,1|0,45|
|C425|812120|1|UN|5|0,03|0,15|
|C425|813550|1|UN|45|0,29|1,35|
|C425|500140|1|UN|49|0,32|1,47|
|C420|N1|99|||
|C425|710320|1|UN|99|0,64|2,97|
|C490|000|5102|17|7545|7545|1282,65||
|C490|041|5102|0|99|0|0||
|C405|30052011|1|998|12914|10325166,66|15804|
|C420|01T1700|15804|1||
|C425|040203|1|UN|1699|11,04|50,97|
|C425|200040|1|UN|1799|11,69|53,97|
|C425|910810|1|UN|399|2,59|11,97|
|C425|200030|1|UN|1199|7,79|35,97|
|C425|180263|2|UN|488|3,17|14,64|
|C425|120030|1|UN|109|0,71|3,27|
|C425|220303|1|UN|2549|16,57|76,47|
|C425|040133|1|UN|740|4,81|22,2|
|C425|031160|1|UN|1769|11,5|53,07|
|C425|031150|1|UN|1739|11,3|52,17|
|C425|290060|1|UN|279|1,81|8,37|
|C425|290053|1|UN|199|1,29|5,97|
|C425|180770|1|UN|1299|8,44|38,97|
|C425|120080|1|UN|139|0,9|4,17|
|C425|040383|2|UN|1398|9,08|41,94|
|C490|000|5102|17|15804|15804|2686,68||
|C405|31052011|1|999|12924|10329650,66|4484|
|C420|01T1700|4484|1||
|C425|030433|1|UN|760|4,94|22,8|
|C425|040133|1|UN|769|5|23,07|
|C425|040213|1|UN|1340|8,71|40,2|
|C425|090240|1|UN|59|0,38|1,77|
|C425|250520|1|UN|999|6,49|29,97|
|C425|290340|1|UN|59|0,38|1,77|
|C425|200520|1|UN|179|1,16|5,37|
|C425|180253|1|UN|319|2,07|9,57|
|C490|000|5102|17|4484|4484|762,28||
|C990|2022|
|D001|0|
|D100|0|1|800007034|08|00|U||014000||05052011|16052011|||922,42||2|922,42|922,42|56,27||||
|D190|000|2353|6,10|922,42|922,42|56,27|0||
|D100|0|1|800007034|08|00|U||014207||11052011|25052011|||138,60||2|138,60|138,60|5,29||||
|D190|000|2353|3,82|138,60|138,60|5,29|0||
|D100|0|1|800006976|08|00|U||022185||02052011|25052011|||136,23||2|136,23|136,23|9,54||||
|D190|000|2353|7,00|136,23|136,23|9,54|0||
|D100|0|1|800006976|08|00|U||022249||06052011|31052011|||75,29||2|75,29|75,29|5,27||||
|D190|000|2353|7,00|75,29|75,29|5,27|0||
|D100|0|1|800006987|08|00|U||030650||24052011|31052011|||61,04||2|61,04|61,04|4,27||||
|D190|000|2353|7,00|61,04|61,04|4,27|0||
|D100|0|1|800006987|08|00|U||030651||24052011|31052011|||390,33||2|390,33|390,33|27,32||||
|D190|000|2353|7,00|390,33|390,33|27,32|0||
|D100|0|1|800006984|08|00|U||099585||12052011|26052011|||154,10||2|154,10|154,10|18,49||||
|D190|000|2353|12,00|154,10|154,10|18,49|0||
|D100|0|1|800006989|08|00|U||751739||20052011|31052011|||188,34||2|188,34|188,34|13,18||||
|D190|000|2353|7,00|188,34|188,34|13,18|0||
|D100|0|1|800006989|08|00|U||751936||20052011|31052011|||188,34||2|188,34|188,34|13,18||||
|D190|000|2353|7,00|188,34|188,34|13,18|0||
|D100|0|1|800006987|08|00|U||022128||26052011|26052011|||3260,14||2|3260,14|3260,14|228,21||||
|D190|000|2353|7,00|3260,14|3260,14|228,21|0||
|D100|0|1|800006976|08|00|U||022213||03052011|31052011|||136,95||2|136,95|136,95|9,59||||
|D190|000|2353|7,00|136,95|136,95|9,59|0||
|D990|24|
|E001|0|
|E100|01052011|31052011|
|E110|83134,90|0|0|0|20126,79|0|16926,79|0|7666,16|38415,16|0|38415,16|0|0|
|E111|CE020002|Crédito Antecipado|16926,79|
|E116|000|38415,16|30062011|1015|||||052011|
|E990|6|
|G001|1|
|G990|2|
|H001|1|
|H990|2|
|1001|0|
|1700|03|01|||119220|119223|201003857|
|1700|03|01|||119225|119269|201003857|
|1700|03|01|||119271|119273|201003857|
|1700|03|01|||119275|119282|201003857|
|1700|03|01|||119284|119285|201003857|
|1700|03|01|||119288|119290|201003857|
|1700|03|01|||119292|119293|201003857|
|1700|03|01|||119296|119305|201003857|
|1700|03|01|||119307|119323|201003857|
|1700|03|01|||119325|119339|201003857|
|1700|03|01|||119341|119349|201003857|
|1700|03|01|||119351|119366|201003857|
|1700|03|01|||119368|119377|201003857|
|1990|15|
|9001|0|
|9900|0000|1|
|9900|0001|1|
|9900|0005|1|
|9900|0100|1|
|9900|0150|57|
|9900|0190|7|
|9900|0200|651|
|9900|0220|33|
|9900|0500|1|
|9900|0990|1|
|9900|C001|1|
|9900|C100|214|
|9900|C170|678|
|9900|C190|217|
|9900|C400|2|
|9900|C405|50|
|9900|C420|62|
|9900|C425|735|
|9900|C490|62|
|9900|C990|1|
|9900|D001|1|
|9900|D100|11|
|9900|D190|11|
|9900|D990|1|
|9900|E001|1|
|9900|E100|1|
|9900|E110|1|
|9900|E111|1|
|9900|E116|1|
|9900|E990|1|
|9900|G001|1|
|9900|G990|1|
|9900|H001|1|
|9900|H990|1|
|9900|1001|1|
|9900|1700|13|
|9900|1990|1|
|9900|9001|1|
|9900|9900|41|
|9900|9990|1|
|9900|9999|1|
|9990|44|
|9999|2869|
