|0000|004|1|01062011|30062011|LOJAS CARROSSEL COMERCIO E REPRESENTACOES LTDA|23455967000163||CE|060730463|2304400|||B|1|
|0001|0|
|0005|LOJAS CARROSSEL|60125160|RUA VISCONDE DE MAUA|2085||ALDEOTA|8532614533||lojascarrossel@hotmail.com|
|0100|JOSE ADRIANO PONTES FEITOSA|26472830363|CE011117O6||60025100|RUA MAJOR FACUNDO|844|SALAS 42 E 44|CENTRO|8532532340||adrianofeitosa44@yahoo.com.br|2304400|
|0150|278|TNL PCS SA|1058|04164616002879||116356291119|3550308||AVENIDA DOUTOR CARDOSO DE MELO|1155||VILA OLIMPIA|
|0150|800006448|COMPANHIA INDUSTRIA DE CIMENTO APODI-015166|1058|10260249000270||063856760|2303709||ROD CE 422 KM 3 5 SAO JOSE DO MIXIRA 422|01|1|SAO JOSE DO MIXIRA|
|0150|800006974|ESMALTEC S A|1058|02948030000230||063050536|2307650||AVENIDA PARQUE OESTE|2130||DISTRITO INDUSTRIAL|
|0150|800006976|CONEXAO TRANSPORTES DIST E LOG LTDA|1058|63318604000281|||3518800||R Rua Paschoal Ricci|30||Jardim Presidente Dutra|
|0150|800006977|LOJAS CARROSSEL COMERCIO E REPRESENTACOES LTDA|1058|23455967000163|||2304400||RUA VISCONDE DE MAUA,2085 ALDEOTA|||ALDOTA|
|0150|800006983|WHIRLPOOL S.A.|1058|59105999006036||033829900|2607901||Av . Eixo da integracao|689||Bloco C2-C3|
|0150|800006984|MLOG ARMAZEM GERAL LTDA-GUARARAPES|1058|05117268000989||18158003410011|2607901||AV.EIXO DA INTEGRACAO, 689 - Bloco C2-C3||BL.D.GLD5 SALA 01||
|0150|800006985|MABE BRASIL ELETRODOMESTICOS LTDA|1058|60736279001250||748018519117|3519071||PQ PARQUE INDUSTRIAL BS CONTINEN|||JD.SAO CAMILO|
|0150|800006986|WHIRPOOL S.A|1058|59105999003959||250050889|4209102||DONA FRANCISCA|7200||INDUSTRIAL|
|0150|800006987|MLOG ARMAZEM GERAL LTDA-JLLE|1058|05117268000806||255247770|4209102||DONA FRANCISCA 7200||||
|0150|800006989|MLOG ARMAZEM GERAL LTDA-RC|1058|05117268000555||587274102112|3543907||AV. 80-A 77||||
|0150|800006990|PANASONIC DO BRASIL LIMITADA|1058|04403408000165||062001167|1302603||Rua Matrinxa|1155||D.INDUSTRIAL|
|0150|800006992|PANASONIC DO BRASIL LIMITADA|1058|04403408000912||645482612112|3549904||Ro Presidente Dutra|155||Jardim das Indústrias|
|0150|800006994|ZAIRTON GASPAR DE OLIVEIRA FILHO|1058||12211680372||2304400||R R.BARBOSA DE FREITAS 171 APTO 500|||MEIRELES|
|0150|800007034|MLS TRANSP. E CARGAS LTDA|1058|11114508000218||336249093118|3518800||AV. JUSTINO DE MAIO, 840|840||Cidade Industrial SatÚlit|
|0150|800007037|MADSON ELETROMETALURGICA LTDA|1058|20520367000224||0622699600147|3106200||R R JERONIMO MARCUCCI, 74||||
|0150|800007077|CEVA LOGISTCS LTDA|1058|43854116006484||407414996117|3525904||Av Engenheiro Tasso Pinheiro|1111||Distrito Industrial|
|0150|800007078|PHILIPS DO BRASIL LTDA.|1058|61086336001851||062001060|1302603||Avenida Torquato Tapajos|2236|Parte|Flores|
|0150|800007080|EDFORT COML.IMPORT.EXP.LTDA|1058|01468951000152||115031859112|3550308||R RUA SERGIPE,|475|||
|0150|800007104|FUNTELC|1058|09470303000142|||2304400||R Osvaldo Cruz|1985||Meireles|
|0150|800007128|DANDELLI CONFEITARIA LTDA EPP|1058|07368268000120|||2304400||Av Santos Dumont|789||Centro|
|0150|800007129|EMPRESA DE TRANSPORTES ATLAS LTDA|1058|60664828006611||1865448680170|3118601||AVENIDA HUM 138||||
|0150|800007130|HUDSON IMPORTS COMPANY LTDA|1058|03980282000129||4481057880045|3144805||R NIAGRA|1076||Jardim Canadá|
|0150|800007131|MATEUS SAMPAIO RONCY|1058||52802000349||2304400||R Antônio Augusto||RUA SEIS QUADRA 18 A|Meireles|
|0150|800007132|IKEDA EMPRESARIAL LTDA|1058|55064661000172||438042664110|3529005||R RUA MARIA BATISTAO,243||||
|0150|800007133|LUIS CESAR MOREIRA|1058||47337230320||2303709||R 1||RUA BOA ESPERANCA 13|Araturi|
|0150|800007134|CONDOMINIO ACQUA|1058|09260627000156|||2301000||R VIA LOCAL|34||Centro|
|0150|800007135|EMPORIO FORTALEZA COM.E REPRES.LTDA|1058|00723772000151|||2304400||Av Senador Virgílio Távora|665|LOJA 01|Meireles|
|0150|800007136|LANN COMERCIO E SERVI?OS LTDA|1058|04022918000192|||2304400||R Tibúrcio Frota|280||Tauape|
|0150|800007137|AUTHORITY INFORMATICA|1058|06745568000118|||2304400||Av Santos Dumont|2626|SALA 07|Aldeota|
|0150|800007141|CEL CONI ENGENHARIA LTDA|1058|36083947000231|||2304400||R Leonardo Mota|200||Meireles|
|0150|800007143|FRANCISCO ANTONIO JERONIMO|1058||41586701878||2311306||R Francisco EnÚas de Lima|172|TRAVESSA TIRADENTES|Centro|
|0150|800007144|OSTER DO BRASIL COM.DE PROD. ELETR. LTDA|1058|10227217000192||148307107118|3550308||RUA ALEXANDRE DUMAS|2100|2 AND SL 21|CHACARA STO ANTONIO|
|0150|800008026|LOJAS CARROSSEL COM. E REP.LTDA|1058|23455967000597||066697743|2304400||WASHINGTON SOARES||85 TERREO L.58A085|Edson Queiroz|
|0150|800008028|WHIRLPOOL S.A.|1058|59105999000348||587083307116|3543907||Av 80 A|777||Distrito Industrial|
|0150|800008050|ERICA VIANNA ARRUDA|1058||00770650341||2304400||R RUA PADRE CHEVALIER 484 / 303|||JOAQUIM TAVORA|
|0150|800008051|EDIFICIO OCEANUM|1058|07779852000178|||2304400||R da Paz|100||Meireles|
|0150|800008052|JOSE ELISEU BECCO|1058||03181715387||2304400||R Joaquim Nabuco|1300||Meireles|
|0150|800008053|GRAFICO ENGENHARIA LTDA|1058|69373942000111|||2304400||R Torres CÔmara|697||Aldeota|
|0190|UN|unidad|
|0190|PC|pacote|
|0190|UD|unidade|
|0190|PEC|pecote|
|0190|JG|jogo|
|0200|030053|REF.BRASTEMP F.FREE 420L BRM42 BR|||UN|00||||||
|0200|030130|REF.BRASTEMP F.FREE 352L BRM39 INOX|||UN|00||||||
|0200|030133|REF.BRASTEMP F.FREE 352L BRM39 BR|||UN|00||||||
|0220|PC|1,000|
|0200|030250|SEC.BRASTEMP/PISO ROTAT.BSX10A PRATA|||UN|00||||||
|0220|PC|1,000|
|0200|030253|SEC.BRASTEMP/PISO ROTAT.BSR10A BR|||UN|00||||||
|0220|PC|1,000|
|0200|030303|LAVALOUCA BRASTEMP 12SERV.BLE12 BR|||UN|00||||||
|0220|PC|1,000|
|0200|030333|LAVAROUPA BRASTEMP 11KG BWL11 INOX|||UN|00||||||
|0220|PC|1,000|
|0200|030353|LAVASECA BRASTEMP 7kg/4Kg BWS24 PRATA|||UN|00||||||
|0220|PC|1,000|
|0200|030363|LAVAROUPA BRASTEMP 8KG BWB08A|||UN|00||||||
|0220|PC|1,000|
|0200|030383|LAVAROUPA BRASTEMP 11Kg BWL11 BR|||UN|00||||||
|0200|030433|FOGAO BRASTEMP CLEAN 4B BFO50BB BR|||UN|00||||||
|0200|030443|FOGAO BRASTEMP CLEAN 6B BFO76BB BR|||UN|00||||||
|0220|PC|1,000|
|0200|030450|FOGAO BRASTEMP CLEAN 4B BFO50 INOX|||UN|00||||||
|0220|PC|1,000|
|0200|030460|FOGAO BRASTEMP CLEAN 6B BFO76 INOX|||UN|00||||||
|0220|PC|1,000|
|0200|030523|DEPURADOR BRASTEMP DE VILLE 4B BAA60|||UN|00||||||
|0220|PC|1,000|
|0200|030533|DEPURADOR BRASTEMP DE VILLE 6B BAA80|||UN|00||||||
|0220|PC|1,000|
|0200|030910|COOKTOP BRASTEMP 5B GAS VIDRO BDD76|||UN|00||||||
|0220|PC|1,000|
|0200|030940|FRIGO.BRASTEMP PORT/VIDRO 80L BZA08|||UN|00||||||
|0200|030960|ADEGA BRASTEMP 12GARRFAS BZC12 PRETA|||UN|00||||||
|0220|PC|1,000|
|0200|030970|FRIGOBAR BRASTEMP 120L BRC12X INOX|||UN|00||||||
|0200|031073|FOG.BRAST.ATIVE EMB.5B TIME BY776 BR|||UN|00||||||
|0220|PC|1,000|
|0200|031130|COIFA BRASTEMP BAI91 INOX|||UN|00||||||
|0200|031170|FOG.BRASTEMP ATIVE 5B EMB. BY776 INOX|||UN|00||||||
|0220|PC|1,000|
|0200|031240|ASPIRADOR PO BRASTEMP CLEAN B7B14A|||UN|00||||||
|0220|PC|1,000|
|0200|040013|REF.CONSUL F.FREE 360L CRB36 BR|||UN|00||||||
|0200|040053|REF.CONSUL 360L DUPLEX CRD36F BR|||UN|00||||||
|0200|040103|FREEZER CONSUL 260L CVU26D BR|||UN|00||||||
|0220|PC|1,000|
|0200|040133|FRIGOBAR CONSUL 120L CRC12A BR|||UN|00||||||
|0220|PC|1,000|
|0200|040173|FREEZER CONSUL 200L CVU20D BR|||UN|00||||||
|0220|PC|1,000|
|0200|040183|FREEZER CONSUL 100LTS CVT10B BRANCO|||UN|00||||||
|0220|PC|1,000|
|0200|040213|REF.CONSUL F.FREE 330L CRM33A BR|||UN|00||||||
|0200|040223|REF.CONSUL F.FREE 370L CRM37 BR|||UN|00||||||
|0200|040250|AR COND.CONSUL 7500 CCN07 C/CONT.|||UN|00||||||
|0200|040280|AR COND.CONSUL 12000 CCY12A C/CONTROLE|||UN|00||||||
|0200|040290|AR COND.CONSUL 10000 CCN10 C/CONT.|||UN|00||||||
|0200|040340|AR CONDICIONADO CONSUL 18000 CCI18C|||UN|00||||||
|0200|040383|FOG.CONSUL FACILITE 4B CF550 INOX|||UN|00||||||
|0200|040393|FOG.CONSUL FACILITE 6B CF576 INOX|||UN|00||||||
|0200|040423|LAVAROUPA CONSUL 7KG CWI07 BR|||UN|00||||||
|0200|040430|DEPURADOR CONSUL 4B CAT60 INOX|||UN|00||||||
|0200|040440|DEPURADOR CONSUL 6B CAT80 INOX|||UN|00||||||
|0200|040520|AR SPLIT CONSUL 12000BTU CBV12/CBY12|||UN|00||||||
|0200|040550|ASPIRADOR PO CONSUL LEVE C7P13B|||UN|00||||||
|0220|PC|1,000|
|0200|070410|TV CCE 14" C/CONTROLE HPS-1497|||UN|00||||||
|0200|070420|TV CCE 14" TELA PLANA TV-1418|||UN|00||||||
|0200|090220|CENTRIFUGA NKS TSK445 BRANCA|||UN|00||||||
|0200|090240|GRILL/SANDUICHEIRA NKS I-15 PRETA/IN|||UN|00||||||
|0200|100030|FOGAO ESMALTEC SAMOA 4B INOX 4013|||UN|00||||||
|0220|UD|1,000|
|0200|100160|GELAGUA ESMALTEC EGC35B INOX PR|||UN|00||||||
|0200|100200|GELAGUA COLUNA ESMALTEC EGC35B|||UN|00||||||
|0200|100210|GELAGUA MESA ESMALTEC EGM30 BR|||UN|00||||||
|0200|120020|LIQUIDIFICADOR C/FILTRO MONDIAL L-51|||UN|00||||||
|0200|120080|VENTILADOR COLUNA 40CM MONDIAL V-61|||UN|00||||||
|0200|120090|VENTILADOR 30CM MONDIAL NV-31|||UN|00||||||
|0200|150040|VENTILADOR MALLORY BOREAL 30CM|||UN|00||||||
|0200|150070|SANDUICHEIRA MALLORY GRILLMAX|||UN|00||||||
|0200|180203|F.MIC.PANASONIC FAMILY 35L NN-ST669|||UN|00||||||
|0220|PEC|1,000|
|0200|180260|F.MI.PANASONIC PICCOLO NN-ST359 PRATA|||UN|00||||||
|0200|180280|TEL.S/FIO PANASONIC KXTG1371(1,9GHz)|||UN|00||||||
|0220|PEC|1,000|
|0200|180290|TELEF.BINA PANASONIC KXTG1381(1,9GHZ)|||UN|00||||||
|0220|PEC|1,000|
|0200|180420|MINI SYSTEM PANASONIC SC-AKX52LB|||UN|00||||||
|0200|180580|RAMAL/SECRET.PANASONIC KX-TG6522|||UN|00||||||
|0220|PEC|1,000|
|0200|180590|TEL.RAMAL/BINA PANASONIC KX-TG6512|||UN|00||||||
|0220|PEC|1,000|
|0200|180770|TV PANASONIC LCD DTV 32" TC-L32C30B|||UN|00||||||
|0200|180790|TV PANASONIC LCD 42" TC-L42U30B|||UN|00||||||
|0220|PEC|1,000|
|0200|180920|SUPORTE P/TV LCD 17"A 60" FIXO|||UN|00||||||
|0200|220143|LAVAROUPA ELECTROLUX 6KG LTE06|||UN|00||||||
|0200|220183|LAVAROUPA ELECTROLUX 9KG LTE09|||UN|00||||||
|0200|220370|FOG.ELECTROLUX 2xFORNO 4B INOX 56DTX|||UN|00||||||
|0200|290060|FORNO ELETRICO SUGGAR 23L FE2322 INOX|||UN|00||||||
|0200|290190|SANDUICHEIRA SUGGAR SD-2022|||UN|00||||||
|0200|290220|LIQUID.SUGGAR LIQMAX LQ2222|||UN|00||||||
|0200|290230|GRILL COOK PRESS SUGGAR GR2042|||UN|00||||||
|0200|290260|JARRA ELETRICA SUGGAR JR1002|||UN|00||||||
|0200|290290|PANELA ELETRICA SUGGAR PE1022|||UN|00||||||
|0200|290300|CAFETEIRA SUGGAR 20XIC.INOX CF2022|||UN|00||||||
|0200|330050|FERRO WALITA AUTOMATICO RI133|||UN|00||||||
|0200|330090|BATEDEIRA WALITA RI7110|||UN|00||||||
|0200|330150|LIQUID. WALITA ALUMINIO RI2094|||UN|00||||||
|0200|330210|LIQUID. WALITA 2V RI2008|||UN|00||||||
|0200|330250|SANDUIC.WALITA GRILL 2386 PANINI|||UN|00||||||
|0200|502191|BAND./ALCA ONDUL.INOX PQ MIMO BJ1104|||UN|00||||||
|0200|502201|BAND./ALCA OVAL INOX GR MIMO BJ1106|||UN|00||||||
|0200|502371|SUPORTE/PAREDE/UTENS.MIMO ASA9157|||UN|00||||||
|0200|650200|PROTETOR P/GARRAFAO AQUAXIQUE|||UN|00||||||
|0200|660090|GARRAFA TERM.SAMBA QUICK 1L COLOR|||UN|00||||||
|0200|700590|AFIADOR FACAS HUDSON FK42181|||UN|00||||||
|0200|700650|RODO/PIA TRANSP.HUDSON ID22200|||UN|00||||||
|0200|701390|MINI ESPANADOR HUDSON SX30011|||UN|00||||||
|0200|701410|MINI LIMPADOR CABO HUDSON EV-CD|||UN|00||||||
|0200|701450|PORTA SACO HUDSON JO-05029|||UN|00||||||
|0200|701750|LUVA P/LIMPEZA/MICROF.HUDSON EVFWMM|||UN|00||||||
|0200|701760|COLHER E ESPATULA LONGA HUDSON EVLSS|||UN|00||||||
|0200|701810|POTE PLAST.CONSERVAR HUDSON MS31131|||UN|00||||||
|0200|701830|FRIGIDEIRA PORQUINHO HUDSON MS78053|||UN|00||||||
|0200|810170|JG.AMERICANO DIVERSO EDFORT 6PCS|||UN|00||||||
|0200|812960|RALADOR QUEIJO BONECA EDF.RAL|||UN|00||||||
|0200|813370|BALDE P/PIPOCA PLAST.EDF.GRANDE SX96|||UN|00||||||
|0200|890210|JG.6PANELAS TRAMONT.INOX 65510/200|||UN|00||||||
|0200|902110|ADEGA P/8GAR.C/FRIGOBAR FULL 25149|||UN|00||||||
|0200|910710|SALADEIRA KING RICAELLE PM7B/12|||UN|00||||||
|0200|910781|JG.6TACAS CLAUDIA V.TINTO RICAELLE|||UN|00||||||
|0200|910782|JG.6TACAS CLAUDIA V.BRANCO RICAELLE|||UN|00||||||
|0200|940390|CAPA P/MAQUINA DE LAVAR KOUNTRY|||UN|00||||||
|0200|950010|FOGAO GAS PORTATIL CHEFS YOI PRETO|||UN|00||||||
|0200|950310|CHURRASQ.ELET.FISCHER GRILL 4513|||UN|00||||||
|0200|950370|COIFA PARED FISCHER TALENT 90cm.5456|||UN|00||||||
|0200|950490|FORNO ELETRICO FISCHER 44L INOX 9982|||UN|00||||||
|0200|040123|FRIGOBAR CONSUL 80L CRC08A BR|||UN|00||||||
|0220|PC|1,000|
|0200|040570|ASPIRADOR PO CONSUL FACILITE C7P14A|||UN|00||||||
|0220|PC|1,000|
|0200|100220|GELAGUA MESA ESMALTEC EGM30 ESTILO|||UN|00||||||
|0200|104040|COPO P/AGUA KABALLA SORTIDOS 10240|||UN|00||||||
|0200|180380|MINI SYSTEM PANASONIC SC-AKX80|||UN|00||||||
|0200|502190|BAND./ALCA ONDUL.INOX GR MIMO BJ1103|||UN|00||||||
|0200|502200|BAND./ALCA OVAL INOX PQ MIMO BJ1105|||UN|00||||||
|0200|702150|CLIPS/ARAME COLOR.HUDSON 12UN PR6012|||UN|00||||||
|0200|702160|REMOVEDOR ODOR HUDSON PR6700|||UN|00||||||
|0200|900980|PORTA DETERG./ESPONJA FULL 14564|||UN|00||||||
|0200|950120|JG.AMERICANO 4PCS YOI AHG479|||UN|00||||||
|0200|030093|FREEZER BRASTEMP F.F 280L BVR28 BR|||UN|00||||||
|0200|030263|SEC. BRASTEMP SUSPENSA 10KG BSI10A|||UN|00||||||
|0220|PC|1,000|
|0200|030300|LAVALOUCA BRASTEMP 12SERV.BLE12 INOX|||UN|00||||||
|0200|031120|COIFA BRASTEMP BAI60 INOX|||UN|00||||||
|0220|PC|1,000|
|0200|031160|FOG.BRAST.ATIVE 5B TIMER BF776 INOX|||UN|00||||||
|0220|PC|1,000|
|0200|031190|FOG.BRASTEMP.ATIVE 4B GRILL BF850 BR|||UN|00||||||
|0220|PC|1,000|
|0200|040203|REF.CONSUL F.FREE 330 CRM33 INOX|||UN|00||||||
|0200|050880|FORNO ELETRICO BOSCH INOX HBA11B TIMER|||UN|00||||||
|0200|120130|ESPREMEDOR PREMIUM MONDIAL E-02|||UN|00||||||
|0200|220133|LAVAROUPA ELECTROLUX 15KG LA15F|||UN|00||||||
|0200|270020|TV LG 23" LED/MONITOR FULL HD M2380A|||UN|00||||||
|0200|330030|LIQ.WALITA 3V FILTRO/ESPATULA RI2034|||UN|00||||||
|0200|500050|CAFETEIRA ALUM.P/9 XIC.MIMO AF09|||UN|00||||||
|0200|500820|ESCUMADEIRA MIMO ASA3|||UN|00||||||
|0200|700740|JG 5CLIPS P/SACO HUDSON EVPCMULTI|||UN|00||||||
|0200|700970|MIXER HUDSON FK42568|||UN|00||||||
|0200|701430|PENDURA BOLSA HUDSON EV-PH-ASST|||UN|00||||||
|0200|702180|ESCORREDOR/PRATO/DOB.HUDSON PRCDD100|||UN|00||||||
|0200|702240|RECIPIENTE P/ALHO HUDSON FK47373|||UN|00||||||
|0200|813550|GARRAFA TERMICA 1L COLOR EDFORT GAF|||UN|00||||||
|0200|890550|JG.PANELAS TRAMONT.5PCS 65650700|||UN|00||||||
|0200|104090|JG.BANHEIRO 4PCS KABALLA SORTIDOS|||UN|00||||||
|0200|200360|DVD PHILIPS KARAOKE/MIC.DVP-3350KMX|||UN|00||||||
|0200|500810|RALADOR 4FACES QUAD.8 MIMO ASA8|||UN|00||||||
|0200|031030|FOG.BRASTEMP ATIVE EMB.4B INOX BY750|||UN|00||||||
|0220|PC|1,000|
|0200|050840|DEP.BOSCH PROFESSIONAL 6B DHB845 INOX|||UN|00||||||
|0200|090280|FORNO ELETRICO NKS DKS-690|||UN|00||||||
|0200|150410|TORRADEIRA MALLORY TOSTARE PLUS|||UN|00||||||
|0200|500081|JG.4TACAS SILVER MARTINE MIMO TCS04|||UN|00||||||
|0200|702210|JG.JANTAR REDONDO 20PCS HUDSON GL116|||UN|00||||||
|0200|840620|PRATO GIRAT.35CM BENC.740|||UN|00||||||
|0200|840980|PRATO GITATORIO 45CM BENC.74107|||UN|00||||||
|0200|090310|DVD/GAME/KARAOKE NKS DVD4600|||UN|00||||||
|0200|180390|DVD HOME THEATER PANASONIC SC-PT580LB|||UN|00||||||
|0200|700320|TAMPA P/LATA REFRIG.HUDSON JO-05101|||UN|00||||||
|0200|811610|GARFO TRICHANTE EDF. 1915-6|||UN|00||||||
|0200|030870|REF.BRAST.SIDE BY SIDE 620L BRS62 INOX|||UN|00||||||
|0200|031200|FOG.BRASTEMP 5B GOUR.EMB.BY976 INOX|||UN|00||||||
|0200|501110|FAQUEIRO 72PCS MIMO MAL.AT72A/AT1072A|||UN|00||||||
|0200|502202|BAND.REDONDA/ALCA INOX MIMO BJ1107|||UN|00||||||
|0200|950300|CHURRASQ.ELET.FISCHER SWIFT 4665|||UN|00||||||
|0200|050543|FOGAO CONT.PERFETTO 4B FSF12 BR|||UN|00||||||
|0200|120040|MINI PROCESSADOR MONDIAL MP-01|||UN|00||||||
|0200|120050|GRILL PREMIUM MONDIAL G-01|||UN|00||||||
|0200|150310|SANDUICHEIRA MALLORY GRILL MAX INOX|||UN|00||||||
|0200|180180|F.MIC.PANASONIC PICCOLO NN-ST362 PRATA|||UN|00||||||
|0200|180253|F.MIC.PANASONIC PERFECT NN-ST568|||UN|00||||||
|0200|180263|F.MIC.PANASONIC PICCOLO NST369 LIGHT|||UN|00||||||
|0200|180810|DEPILADOR PANASONIC SEC/MOLH.ES2059|||UN|00||||||
|0200|330020|LIQUIDIFICADOR WALITA 3V RI2035/00|||UN|00||||||
|0200|330240|ESPREMEDOR|||UN|00||||||
|0200|670890|AGUA PERFUMADA P/AMBIENTE 230ML|||UN|00||||||
|0200|700640|RALO DE PIA HUDSON FK61055|||UN|00||||||
|0200|701420|MINI LIMPADOR HUDSON EV-FGR-M|||UN|00||||||
|0200|701610|CABIDE METAL/CINTO HUDSON RI66955|||UN|00||||||
|0200|812010|LUVAS/SILICONE EDFORT GL234|||UN|00||||||
|0200|812100|MANTEGUEIRA/PORTA/TEMP.EDF.TBZ1|||UN|00||||||
|0200|850050|CHAPA DUPLA FACE 280X230 FUMIL|||UN|00||||||
|0200|902230|GARRAFA P/AGUA 1000ML FULL 14893|||UN|00||||||
|0200|902270|FRIG.WOK TP/VIDRO 32CM FULL 13892|||UN|00||||||
|0200|030293|LAVALOUCA BRASTEMP 8SERV.BLE20 BR|||UN|00||||||
|0200|050553|FOGAO CONT. PERFETTO 6B FSK12 BR|||UN|00||||||
|0200|050630|FOGAO CONT.G.PRIX 5B EMB.FEK14X INOX|||UN|00||||||
|0200|050683|REFRIG. CONTINENTAL 270L RC27 BR|||UN|00||||||
|0200|051070|COOKTOP BOSCH 2B VITROCERAMIC PKC345|||UN|00||||||
|0200|051220|FOG.BOSCH STYLE GRILL 4B HSF43I INOX|||UN|00||||||
|0200|090010|FORNO ELETRICO NKS DKS-650C|||UN|00||||||
|0200|100013|FOGAO ESMALTEC CARIBE 4B BR|||UN|00||||||
|0200|180900|BARBEADOR PANASONIC ES7101/ESRT31|||UN|00||||||
|0200|500450|MOEDOR/PIMENTA INOX MIMO AM04|||UN|00||||||
|0200|700790|POTE RET.C/3DIV.1L HUDSON KX71511|||UN|00||||||
|0200|710280|ESCORREDOR 20PRATOS MAKINOX COLOR|||UN|00||||||
|0200|900120|COPO P/VIAGEM FULL 13627 AZUL|||UN|00||||||
|0200|902600|COOLER P/6LONG NECK FULL 15794 AZ|||UN|00||||||
|0200|902650|ESCOVA/BANHEIRO/SUP.PAPEL FULL 13015|||UN|00||||||
|0200|810520|ESPREMEDOR ALHO EDFORT GL120|||UN|00||||||
|0200|890120|FRIGID.ALUM.24CM TRAMONTINA COLOR|||UN|00||||||
|0200|950110|JG.4 ARGOLAS/GUARDANAPO YOI|||UN|00||||||
|0200|040453|LAVAROUPA CONSUL 6KG CWI06 BR|||UN|00||||||
|0200|150050|LIQUIDIFICADOR MALLORY EXPERT 2V|||UN|00||||||
|0200|700270|TELA P/ALIMENTOS HUDSON FK44480|||UN|00||||||
|0200|701260|POTE QUADRADO 5,2L HUDSON KX71526|||UN|00||||||
|0200|701730|PA/LIXO/ESCOVA HUDSON CB56211|||UN|00||||||
|0200|880110|FRIGID.WOK 34 C/ASA/TP.MULT.45234|||UN|00||||||
|0200|950090|BUTANO IWATANI 250GR YOI|||UN|00||||||
|0200|150420|VENTILADOR MALLORY ZEFIRO 40CM|||UN|00||||||
|0200|900283|SUPORTE P/FATIAR FULL.15048|||UN|00||||||
|0200|900671|JG.12GARFOS P/PETISCO FULL.16684|||UN|00||||||
|0200|910670|PRATO P/BOLO KING 33CM RICAELLE DL13P|||UN|00||||||
|0200|180550|DVD HOME THEATER PANASONIC SC-PT75LB|||UN|00||||||
|0200|500690|PORTA PAPEL TOALHA MIMO AC09|||UN|00||||||
|0200|180400|MINI SYSTEM PANASONIC SC-AKX10|||UN|00||||||
|0200|701250|POTE QUADRADO 3,1L HUDSON KX71523|||UN|00||||||
|0200|501030|JG.6XICARAS P/CAFE BR MIMO F12B|||UN|00||||||
|0200|900241|LUVA DE SILICONE FULL 11615|||UN|00||||||
|0200|700242|POTE PLAST.P/CONSERVA HUDSON MS31315|||UN|00||||||
|0200|200390|DISC PLAYER PHILIPS BLUR-RAY BDP3100X|||UN|00||||||
|0200|330200|TORRADEIRA WALITA VIVA RI2630/50|||UN|00||||||
|0200|970400|CINZEIRO BOLA FUTEB.CONTHEY 144408|||UN|00||||||
|0200|813660|CAIXA DECORATIVA EDFORT MEDIA SH23|||UN|00||||||
|0220|PC|1,000|
|0200|910960|PORTA GELO 15CM RICAELLE 9713/150|||UN|00||||||
|0200|911040|SALADEIRA RONA 24CM RICAELLE 5150/240|||UN|00||||||
|0200|500613|FACA DO CHEFE CABO/COLOR MIMO ALA1084|||UN|00||||||
|0200|270010|TV SANSUNG 20" LCD/MONITOR 2033M|||UN|00||||||
|0200|030143|FREEZER BRASTEMP 240L BVG24G BR|||UN|00||||||
|0220|PC|1,000|
|0200|030830|FREEZER BRASTEMP F.F 280L BVR28 INOX|||UN|00||||||
|0220|PC|1,000|
|0200|031110|F.MIC.BRASTEMP KING SIZE 38L BMX40 INOX|||UN|00||||||
|0220|PC|1,000|
|0200|040360|CLIMATIZADOR CONSUL PORTATIL CIF06AB|||UN|00||||||
|0220|PC|1,000|
|0200|040530|AR SPLIT CONSUL 9000BTU CBV09/CBY09|||UN|00||||||
|0200|070430|TV CCE 21" TELA PLANA TV2118|||UN|00||||||
|0200|103110|KIT.RODO,BALDE,REFIL,ROTECSUL|||UN|00||||||
|0200|180190|F.MIC.PANASONIC FLAT PANAG.NNGF580 PR|||UN|00||||||
|0200|180243|F.MIC.PANASONIC STYLE NNGD587 INOX|||UN|00||||||
|0220|PEC|1,000|
|0200|180320|TELEFONE PANASONIC KX-TS9LBW|||UN|00||||||
|0220|PEC|1,000|
|0200|200370|MICRO SYSTEM PHILIPS MCM-166X/78|||UN|00||||||
|0200|200480|RADIO CD PHILIPS MP3 AZ-302S|||UN|00||||||
|0200|290033|DEPURADOR SUGGAR SIRIUS 4B DS62 BR|||UN|00||||||
|0200|290053|DEPURADOR SUGGAR SIRIUS 6B DS82 BR|||UN|00||||||
|0200|290200|PASSADEIRA SUGGAR/VAPOR PV4261|||UN|00||||||
|0200|290210|PASSADEIRA SUGGAR/VAPOR/PROF.PV6282|||UN|00||||||
|0200|290250|BATEDEIRA BATPLUS SUGGAR BT9022 INOX|||UN|00||||||
|0200|501710|FACA P/SALADA MIMO 998019|||UN|00||||||
|0200|660230|GARRAFA TERM.MELODY QUICK 1L COLOR|||UN|00||||||
|0200|701070|SUP. P/COZ.OVO POCHE HUDSON MS50560|||UN|00||||||
|0200|900031|JARRA ECOL HAND 1500ML FULL 56164|||UN|00||||||
|0200|902171|JG.JANTAR PORC.42PCS RAIN FUL.15416|||UN|00||||||
|0200|902511|JG.6TACAS SOBREMESA VEGA FULL 56589|||UN|00||||||
|0200|902760|JG.3ESPATULA SILIC.CB/MAD.FULL 1503|||UN|00||||||
|0200|031020|FOG.BRASTEMP ATIVE MAX.4B INOX BF760AR|||UN|00||||||
|0220|PC|1,000|
|0200|031150|FOG.BRASTEMP ATIVE 5B GRILL BF876 BR|||UN|00||||||
|0220|PC|1,000|
|0200|051110|COOKTOP BOSCH 5B GAS INOX PCL755|||UN|00||||||
|0200|290270|FERRO MADRI SUGGAR S/FIO FR4022|||UN|00||||||
|0200|813440|MEDIDOR 600ML EDFORT GL321|||UN|00||||||
|0200|900037|JG.FONDUE 2X1 ACO E CERAMICA 16066|||UN|00||||||
|0200|910640|PORTA RETRATO ALUMIN.RICAELLE D52|||UN|00||||||
|0200|104180|JARRA 2L KABALLA SORTIDOS 1060|||UN|00||||||
|0200|500411|BATEDOR DE OVO SILICONE MIMO SN914|||UN|00||||||
|0200|500610|FACA 23CM MIMO ASA39|||UN|00||||||
|0200|700953|COLHER ANIMAL SORTI. HUDSON MS-58900|||UN|00||||||
|0200|910150|PORTA PAO RICAELLE 132|||UN|00||||||
|0200|950063|PRATO BALI PEQ.FOLHA 5CM YOI 23357|||UN|00||||||
|0200|160110|CAFETEIRA PROGRAM.OSTER 24XIC.4281|||UN|00||||||
|0220|PC|1,000|
|0200|180510|MINI SYSTEM PANASONIC SC-AKX74LBK|||UN|00||||||
|0200|500130|JG 2PCS AZEITE/VINAGRE MIMO VD41|||UN|00||||||
|0200|520741|BALDE DE GELO ILLUSION B34019S|||UN|00||||||
|0200|900221|CHAMPANHEIRA BARCO PEQ.BR FULL 14462|||UN|00||||||
|0200|031140|F.MIC./ELET.BRASTEMP 31L BMD35 ALUM.|||UN|00||||||
|0200|290170|MAQUINA/GELO SUGGAR MG-1022 PRATA|||UN|00||||||
|0200|290280|GRILL PETISCO SUGGAR GR3032|||UN|00||||||
|0200|501140|COLHER P/ARROZ MIMO ASA2|||UN|00||||||
|0200|501740|BAND.RETANG.MEDIO MIMO YK9123|||UN|00||||||
|0200|890560|BAIXELA TRAMONT.COSMOS 7PCS 64310080|||UN|00||||||
|0200|902040|FORMA GELO SILICONE FULL 14771|||UN|00||||||
|0200|910730|PETISQUEIRA KING RICAELLE PM012ST|||UN|00||||||
|0200|700880|CLIPS P/SACO HUDSON PR6014|||UN|00||||||
|0200|051210|FOG.BOSCH STYLE GRILL 5B HSK44I INOX|||UN|00||||||
|0200|701590|PORTA SAPATOS/CABIDE HUDSON RI2546W|||UN|00||||||
|0200|811150|FACA P/QUEIJO EDFORT GD10|||UN|00||||||
|0200|900950|JG.3COLHERES COCKTAIL FULL 12830|||UN|00||||||
|0200|050620|FOGAO CONT.G.PRIX 5B FSK14I INOX|||UN|00||||||
|0200|180540|FAC-SIMILE PANASONIC KX-FT932|||UN|00||||||
|0200|701270|POTE RETANG.2DIV.HUDSON KX71596|||UN|00||||||
|0200|890100|FRIGID.ALUM.20CM TRAMONTINA COLOR|||UN|00||||||
|0200|813060|PETISQUEIRA 4DIV.EDFORT HP015|||UN|00||||||
|0200|903210|DISPENSER P/DETERGENTE FULL 16277|||UN|00||||||
|0200|812990|PETISQUEIRA EDFORT BA008|||UN|00||||||
|0200|903150|BOLSA TERMICA/PVC CABANAZ FULL 1614|||UN|00||||||
|0200|040460|CENTRIFUGA CONSUL SEC FACIL C2A05B|||UN|00||||||
|0220|PC|1,000|
|0200|101410|JARRA ROC 1,8L LUMINARC 62795|||UN|00||||||
|0200|902490|CEPO 5FACAS CORACAO/VM FULL 70040|||UN|00||||||
|0200|702170|PORTA BOLO DOBRAVEL HUDSON PRBCC2|||UN|00||||||
|0200|902200|JG.XIC/CAFE/CX/PRESENTE FULL 12PCS|||UN|00||||||
|0200|970120|JG.JANTAR 20PCS 2FILETES D1442 CONTHEY|||UN|00||||||
|0200|970700|BANDEJA RETANG. GR.CONTHEY D146902|||UN|00||||||
|0200|900461|POTE P/MANTIM.VIDRO TP.BR FULL 13372|||UN|00||||||
|0200|950062|BOWL BALI 5CM YOI 23356|||UN|00||||||
|0200|900015|PENEIRA 10CM FULL 11704|||UN|00||||||
|0200|030393|LAVAROUPA BRASTEMP ATIVE MJ 9K BWT09|||UN|00||||||
|0200|105103|JG.POTES 2PCS C/TP GUINDER 8058|||UN|00||||||
|0200|220393|FOG.ELECTROLUX 2xFORNO 5B INOX 76DTX|||UN|00||||||
|0200|500040|CAFETEIRA ALUM.P/6 XIC.MIMO AF06|||UN|00||||||
|0200|500171|CHALEIRA COLORIDA MIMO AJ101|||UN|00||||||
|0200|501300|RALADOR MIMO ASA16|||UN|00||||||
|0200|501780|CESTO PEQ.RET.ALCA OVAL MIMO YK9127|||UN|00||||||
|0200|530461|VASO SOLITARIO ROGEMAC NANCY 2350|||UN|00||||||
|0200|890360|FAQUEIRO LAGUNA 42PCS TRAMOT.66906/774|||UN|00||||||
|0200|890370|FAQUEIRO LAGUNA 76PCS TRAMOT.66906/30|||UN|00||||||
|0200|890440|LIXEIRA C/PEDAL 3L INOX TRAM.94538/03|||UN|00||||||
|0200|950360|COOKTOP VIDRO 4B FISCHER PR 1519-5713|||UN|00||||||
|0200|950390|COOKTOP VIDRO 5B FISCHER TCHAMA 1743|||UN|00||||||
|0200|120150|LIQUIDIFICADOR 2V MONDIAL L-26|||UN|00||||||
|0200|501130|CONCHA MIMO ASA1|||UN|00||||||
|0200|900060|FORMA P/OVO SILICONE FULL 1477|||UN|00||||||
|0200|902710|JG.5FACAS/QUEIJO FULL 13774|||UN|00||||||
|0200|031260|F.MIC.BRASTEMP OVEN GRIL 30L BMT45 INOX|||UN|00||||||
|0220|PC|1,000|
|0200|031263|F.MIC.BRASTEMP OVEN GRIL 30L BMF45 BR|||UN|00||||||
|0220|PC|1,000|
|0200|105100|CUSCUZEIRA GUINDER 7075|||UN|00||||||
|0200|105106|BANDEJA C/ALCA GUINDER 7181|||UN|00||||||
|0200|500170|CHALEIRA INOX MIMO AJ10129|||UN|00||||||
|0200|500790|GARFO P/COZINHA MIMO ASA4|||UN|00||||||
|0200|501080|ESPATULA FECHADA MIMO ASA6|||UN|00||||||
|0200|680930|PRATO P/BOLO VERONA SOYUS|||UN|00||||||
|0200|701460|JG.2CONES P/SORVETE HUDSON JO-05199|||UN|00||||||
|0200|890340|JG.P/FRIOS 2PCS INOX TRAMOTINA 64510|||UN|00||||||
|0200|890421|LIXEIRA C/SENSOR 6L TRAMONT.94543|||UN|00||||||
|0200|500140|JG UTENCIL.C/7P?S(PAREDE)AS7A MIMO|||UN|00||||||
|0200|660261|JG.4FACAS P/PATE LINEA M.SHOP 30006|||UN|00||||||
|0200|105105|PORTA FRIOS 3PCS GUINDER 7211|||UN|00||||||
|0200|700730|JG 3CLIPS/TRAVA HUDSON EVCLBC|||UN|00||||||
|0200|701620|SACOLA/LAVAND.45X25 HUDSON WE375145|||UN|00||||||
|0200|890500|JG. P/SERVIR OVAL 3PCS 64510184|||UN|00||||||
|0200|106130|BANDEJA DE CAMA BEHLING BC12|||UN|00||||||
|0200|220650|REFRIG.ELECTROLUX 543L DF80X INOX|||UN|00||||||
|0200|500090|JG.UTENCIL.C/07PCS(GIRAT.)MIMO AS7|||UN|00||||||
|0200|501790|CESTO QUADR.ALCA OVAL MIMO YK9129 GR.|||UN|00||||||
|0200|890450|LIXEIRA C/PEDAL 12L INOX TRAM.94538/12|||UN|00||||||
|0200|520440|BALDE GELO VINO CURVA ALIMP.B32514|||UN|00||||||
|0200|120030|MINIFORNO MONDIAL FR-02|||UN|00||||||
|0200|701080|ESPELHO CROMADO/PE HUDSON WE168921|||UN|00||||||
|0200|812750|GARFO/FACA P/QUEIJO EDFORT GD11|||UN|00||||||
|0200|940350|KIT CAIPIRINHA PLAST SHOW|||UN|00||||||
|0200|120120|CENTRIFUGA PREMIUM MONDIAL CF-01|||UN|00||||||
|0200|030083|REF.BRASTEMP F.FREE 490L BRM49 INOX|||UN|00||||||
|0200|105080|FRUTEIRA INOX 3 NIVEIS GUINDER 7297|||UN|00||||||
|0200|105301|FAQUEIRO INOX 42PCS GUINDER 42|||UN|00||||||
|0200|030183|REF.BRASTEMP F.FREE 490 L BRM49B BR|||UN|00||||||
|0200|106010|BANDEJA GIRAT.MADEIRA BEHLING BG1|||UN|00||||||
|0200|700433|PORTA BANANA HUDSON FK-42077|||UN|00||||||
|0200|702080|POTE RETANG.HUDSON 1,1L KX71504|||UN|00||||||
|0200|710300|ESCORREDOR 16P.CRISTAL MAKINOX|||UN|00||||||
|0200|105104|JG.POTES INOX 3PCS C/TP GUINDER 68|||UN|00||||||
|0200|813640|FACA P/QUEIJO EDFORT DECORADA GD12|||UN|00||||||
|0200|103030|TOALHA LAVABO BORDADA DECORADA|||UN|00||||||
|0200|105102|TELA PROTET.P/FRITURA GUINDER 5897|||UN|00||||||
|0200|105200|SUPORTE C/ASSADEIRA GR GUINDER 5576|||UN|00||||||
|0200|500760|PANELA 16 P/LEITE MIMO AN5015|||UN|00||||||
|0200|500191|CENTRIFUGA P/SALADA GR MIMO SF10115|||UN|00||||||
|0200|105300|FAQUEIRO INOX 24PCS GUINDER 24|||UN|00||||||
|0200|660262|JG.4FACAS P/PATE PEROLA M.SHOP 30014|||UN|00||||||
|0200|660310|COQUETELEIRA 700ML M.SHOP 330607|||UN|00||||||
|0200|030100|REF.BRASTEMP F.FREE 429L BRM50 INOX|||UN|00||||||
|0200|101494|PUREBOX POTE QUAD. LUMIN. G3182|||UN|00||||||
|0200|180970|REF.PANASONIC INVERTER 473L NRB461YZ|||UN|00||||||
|0200|290340|MIXER SUGGAR MX2022|||UN|00||||||
|0200|330010|LIQUID.WALITA 3V FILTRO PP RI2035/10|||UN|00||||||
|0200|330130|PROCESSADOR COMPACTO WALITA RI7620|||UN|00||||||
|0200|810422|JG.FORMA PORC.CORACAO EDF.VM US020|||UN|00||||||
|0200|812560|JG.4FACAS/TABUA EDFORT GL277|||UN|00||||||
|0200|813360|BALDE P/PIPOCA PLAST.EDF.MEDIO SX96|||UN|00||||||
|0200|840431|JG.FONDUE 7PCS 980ML BR BENC.40092|||UN|00||||||
|0200|901930|TABUA/VIDRO/SORTID.20X30 FULL|||UN|00||||||
|0200|950440|FORNO ELET.EMB.LUMEN FISCHER 7399|||UN|00||||||
|0200|101170|POTE HERMETICO 0,75L LUMI.CO529|||UN|00||||||
|0200|200520|DVD PHILIPS DVP-3520|||UN|00||||||
|0200|680501|SALADEIRA GRANDE OUTONO SOYUS|||UN|00||||||
|0200|030033|REF.BRASTEMP F.FREE 403L BRM48 BR|||UN|00||||||
|0200|031273|FOG.BRASTEMP.ATIVE 5B GRILL BF876 INOX|||UN|00||||||
|0200|813663|CAIXA DECORAT.P/RETRA EDF.MEDIA WT39|||UN|00||||||
|0200|900621|PORTA SABONETE GUEIXA FULL. 1666|||UN|00||||||
|0200|813230|PORTA CONDIMENTOS EDFORT SN126|||UN|00||||||
|0200|813371|BALDE P/PIPOCA PLAST.EDF.PEQ.SX96|||UN|00||||||
|0200|060170|BIC.CALOI ASPEN EXTRA ARO 26 21V|||UN|00||||||
|0200|500612|FACA/FATIAR CABO COLOR MIMO ALA1083|||UN|00||||||
|0200|812040|DESCANSO/PANELAS EDFORT GL236|||UN|00||||||
|0200|040470|FORNO MIC.CONSUL 25L CMY34 INOX|||UN|00||||||
|0200|680281|QUEIJEIRA BRASIL PEQUENA SOYUS|||UN|00||||||
|0200|900081|VENTILADOR P/CHURRASCO FULL 13095|||UN|00||||||
|0200|940340|KIT TABUA/MART./AFIADOR GR.PLAST.|||UN|00||||||
|0200|200210|DVD PORTATIL PHILIPS LCD 7" PET-736|||UN|00||||||
|0200|680280|QUEIJEIRA BRASIL GRANDE SOYUS|||UN|00||||||
|0200|710320|ESCORREDOR 20P.CRISTAL MAKINOX|||UN|00||||||
|0200|811700|ESPATULA/SILICONE EDF.GL172|||UN|00||||||
|0200|890070|BAND/BOLO/CUPU.INOX TRAMONT.64510|||UN|00||||||
|0200|900360|COPO P/VIAGEM FULL 13622 VM|||UN|00||||||
|0200|790020|TACAS P/AGUA 6PCS MONACO GLOBAL.|||UN|00||||||
|0200|950141|JG.JANTAR ALLURE SILVER 20PCS YOI|||UN|00||||||
|0200|900362|JG.ROLETA C/COPOS FULL 14567|||UN|00||||||
|0200|901940|TABUA/VIDRO/SORTID.30X40 FULL|||UN|00||||||
|0200|811590|COLHER P/ARROZ EDF.1915-4|||UN|00||||||
|0200|902141|JG.JANTAR PORC.20PCS FULL PURE 01721|||UN|00||||||
|0200|180213|F.MIC.PANASONIC STYLE NN-ST652 BR|||UN|00||||||
|0200|812260|TABUA P/CORTAR MEDIA EDF. GL290|||UN|00||||||
|0200|030223|REF.BRASTEMP GOURMAND 500 BRX50 INOX|||UN|00||||||
|0220|PC|1,000|
|0200|103121|ENPONJA ROTECSUL|||UN|00||||||
|0200|200150|TV PHILIPS 28" C/DVD 28PD6921|||UN|00||||||
|0200|901542|TABUA/VID/QUEIJO 30X40 FULL 1665|||UN|00||||||
|0200|101491|PUREBOX POTE RETANG. LUMIN. G3185|||UN|00||||||
|0200|101492|PUREBOX POTE RETANG. LUMIN. G3186|||UN|00||||||
|0200|101493|PUREBOX POTE QUAD. LUMIN. G3180|||UN|00||||||
|0200|903573|JG.30TACAS DIANA CRISTAL FULL 56514|||UN|00||||||
|0200|900421|RELOGIO PAREDE VERDE 23CM FULL 14972|||UN|00||||||
|0200|521170|JG JANTAR 20PÇS ALIMP P24|||UN|00||||||
|0200|521120|CANECA P/SOPA C/COLHER ALIMP.ECO709|||UN|00||||||
|0200|520720|POTE/PLAST.TP VACUO GRAN.ALIMP.KP21204|||UN|00||||||
|0200|810561|MOEDOR PIMENTA/SAL MANUAL EDF.PM17|||UN|00||||||
|0200|640070|JOGO JANTAR /CHA GRERMER 20PÇS|||UN|00||||||
|0200|810392|JG.2CAIXA FIBRA SINTETICA EDF.SB009|||UN|00||||||
|0200|900381|POTE P/KIWI FULL 21046|||UN|00||||||
|0200|811580|CONCHA P/MOLHO EDF.1915-1|||UN|00||||||
|0200|200040|TV PHILIPS LCD 40" 40PFL3605|||UN|00||||||
|0220|PC|1,000|
|0200|900521|JG.P/QUEIJO INOX 4PCS FULL.16442|||UN|00||||||
|0200|810341|JG.AMERICANO 6PCS EDFORT PT006|||UN|00||||||
|0200|940450|TABUA DE PASSAR HOMIE PLUS F2144|||UN|00||||||
|0200|030013|REF.BRASTEMP ALL 360L BRF36 BR|||UN|00||||||
|0200|030283|MINI LAVAROUPA BRASTEMP 1KG BWI01|||UN|00||||||
|0220|PC|1,000|
|0200|030760|FORNO A GAS EMB.BRASTEMP BOA61 INOX|||UN|00||||||
|0200|030770|FORNO ELETRICO BRASTEMP BOB61 INOX|||UN|00||||||
|0200|031283|FOG.BRAST.ATIVE GRIL EMB.5B BY876INOX|||UN|00||||||
|0200|180270|F.MIC.PANASONIC PICOLO STYLE NNST341|||UN|00||||||
|0220|PEC|1,000|
|0200|180273|F.MIC.PANASONIC PERFECT NNST571|||UN|00||||||
|0220|PEC|1,000|
|0200|180750|TV PANASONIC LED 42" TC-L42E30B|||UN|00||||||
|0200|701280|MINI RALADOR PIRAMIDE HUDSON MS30591|||UN|00||||||
|0200|701670|BARRA MAGNETICA 45CM HUDSON FK43238|||UN|00||||||
|0200|760292|JARDINEIRA 27CM BRILHANTE 08/017/27|||UN|00||||||
|0200|900450|JG.P/QUEIJO/TAB/VID.4PCS FUL.14837|||UN|00||||||
|0200|903180|JG.2BALDES P/PIPOCA FULL 16169|||UN|00||||||
|0200|940380|PORTA CAMISA JAQUES 399|||UN|00||||||
|0200|701100|TAMPA P/REFIG.HUDSON JO-05002|||UN|00||||||
|0200|900491|MORINGA PORCEL. 700ML VAN FULL.171|||UN|00||||||
|0200|910740|PORTA PAO 44X26X17 RICAELLE BG1878|||UN|00||||||
|0200|501650|CENTRIFUGA/PRESSAO MIMO SF9210|||UN|00||||||
|0200|660470|JG.6TACA BALLON 150ML M.CASS 0255|||UN|00||||||
|0200|812420|JG.JANTAR 42PCS EDFORT SG033|||UN|00||||||
|0220|JG|1,000|
|0200|840140|JG.CONSOMES C/PRATO 28001 BENCAF.|||UN|00||||||
|0200|890240|LIXEIRA/BASC.20L INOX TRAM.94542/20|||UN|00||||||
|0200|900431|JG.AMERICANO P/COPOS 6PCS FULL 1731|||UN|00||||||
|0200|900452|TABUA VIDRO FOLHA BANAN. FULL.16254|||UN|00||||||
|0200|902610|JG.30TACAS BOHEMIA JULIA FULL 55600|||UN|00||||||
|0200|790200|COPO L.DRINK 330ML NIAGARA GLOBAL.|||UN|00||||||
|0200|880150|PAELLERA 34 C/ALCA MULT.45034|||UN|00||||||
|0200|900433|PRATO P/BOLO VIDRO HAZE FULL 46197|||UN|00||||||
|0200|901313|JG.3COPOS ALTO 355ML FULL 46116|||UN|00||||||
|0200|660160|COLHER/FRUTAS BISTRO M.SHOP 10972|||UN|00||||||
|0200|810920|RALADOR/QUEIJO EDF.GL282|||UN|00||||||
|0200|811330|TERRINE EDFORT RH243|||UN|00||||||
|0200|880210|FRIGIDEIRA OVAL 24X36 MULTIF.45138|||UN|00||||||
|0200|901312|JG.6COPOS 37ML C.BLANCA FULL 46180|||UN|00||||||
|0200|903170|BALDE P/PIPOCA PLAST. FULL 16168|||UN|00||||||
|0200|950100|SOUPLAT QUADRADO COLOR YOI|||UN|00||||||
|0200|710200|PORTA GUARDANAPOS GR.MAK-INOX|||UN|00||||||
|0200|701570|MOLHEIRA TERMICA HUDSON PR-TS1000|||UN|00||||||
|0200|900202|JG.12MARCAD.TACAS FULTEB.FULL 21062|||UN|00||||||
|0200|950380|COOKTOP INOX 5B FISCHER 4943-9602|||UN|00||||||
|0200|813450|DESCASCADOR EDFORT GL326|||UN|00||||||
|0200|501160|ESPATULA VAZADA P/HAMB.MIMO ASA60|||UN|00||||||
|0200|700570|ESCOVA P/GRELHA HUDSON FK41586|||UN|00||||||
|0200|104070|COPO TULIPA KABALLA SORTIDOS 10280|||UN|00||||||
|0200|220383|FOGAO ELECTROLUX 4B 56TX INOX|||UN|00||||||
|0200|701200|COLHER P/SORVETE HUDSON FK45981|||UN|00||||||
|0200|760055|FRUTEIRA 12CM BRILHANTE 06/399/12|||UN|00||||||
|0200|790060|TACAS/SORVETE 6PCS COUNTRY GLOBAL.|||UN|00||||||
|0200|900160|PORTA PAO INOX 43CM FULL 12522|||UN|00||||||
|0200|060230|ESTEIRA ELETRICA CALOI CLEIO CLASS|||UN|00||||||
|0200|500541|MOEDOR/PIMENTA/SAL.MAD/INOX PEQ.AM02|||UN|00||||||
|0200|501490|SALADEIRA GRANDE 26CM MIMO PB933G|||UN|00||||||
|0200|520990|PETISQ.PUZZLE MAR/BEGE ALIMP.R01615|||UN|00||||||
|0200|813080|JG.P/PETISCOS EDFORT HP021|||UN|00||||||
|0200|820280|MELEIRA COLMEIA QUAD.KC5050|||UN|00||||||
|0200|820470|SEPARADOR/CLARAS QUADRIF.9539|||UN|00||||||
|0200|902590|COOLER P/LONG NECK FULL 15792 PRETA|||UN|00||||||
|0200|051080|COOKTOP BOSCH 4B VITROCERAMIC PKN675|||UN|00||||||
|0200|811260|MINI RALADOR QUEIJO EDFORT GD09|||UN|00||||||
|0200|680050|CENTRO DE MESA OUTONO SOYUS|||UN|00||||||
|0200|700260|PINCA COLOR 23CM HUDSON 11804/0|||UN|00||||||
|0200|700860|CESTA/COZER HUDSON GRANDE PR8050|||UN|00||||||
|0200|701770|FORMA/GELO SILICONE HUDSON FK49388|||UN|00||||||
|0200|701840|ESPATULA/PORQUINHO HUDSON MS78077|||UN|00||||||
|0200|701940|CJ.3CABIDES EMBOR.HUDSON RI66020|||UN|00||||||
|0200|812190|PETISQUEIRA 20CM EDF.TZB17|||UN|00||||||
|0200|812290|TERRINE EDFORT RH245|||UN|00||||||
|0200|290160|ADEGA CLIMATIZADA SUGGAR DIJON AD1922|||UN|00||||||
|0200|530520|CORTADOR/PIZZA/PA ROGEMAC 7630|||UN|00||||||
|0200|812170|JG.6COLHER P/CAFE EDF. FACIX|||UN|00||||||
|0200|520740|BALDE ACRILICO VINHO SQUARE B34016|||UN|00||||||
|0200|530010|PETISQ.C/BASE/MADEIRA ROGEM.1234|||UN|00||||||
|0200|531100|BANDEJA 28X22 ROGEMAC 8544|||UN|00||||||
|0200|813320|TABUA P/QUEIJO/4FACAS EDFORT GL29|||UN|00||||||
|0200|890020|PANELA PRESSAO TRAMONT.20CM 20557|||UN|00||||||
|0200|890480|FACA P/COZINHA TRAMONTINA 23825|||UN|00||||||
|0200|903090|FAQ.INOX 24PCS C/SUP.FULL 15823|||UN|00||||||
|0200|980200|GARRAFA P/AGUA PLASVALE 2L R.618|||UN|00||||||
|0200|980240|POTE RED.FREE/MIC PLASVALE 0,6L R441|||UN|00||||||
|0200|680260|JARRA SATURNO SOYUS|||UN|00||||||
|0200|050920|COIFA PAREDE BOSCH DKE635 60CM INOX|||UN|00||||||
|0200|101010|JG.6XICARA/CHA LUMI.PEPS 63368|||UN|00||||||
|0200|700500|CAB.P/CINTOS 18POSIC.HUDSON EVTABW|||UN|00||||||
|0200|701330|FATIADOR OVOS HUDSON MS50644|||UN|00||||||
|0200|290043|DEP. SUGGAR 6B STAR LIGHT SG-82 BR|||UN|00||||||
|0200|610020|JG.6 TACAS BARCELONA F&S|||UN|00||||||
|0200|761150|BANDEJA 45CM BRILH.00/026/45|||UN|00||||||
|0200|840910|JG.GALHETEIRO RATAN 5PCS BENC.47026|||UN|00||||||
|0200|840950|JG.4APOIOS VIDRO RETANG.BENC.7404|||UN|00||||||
|0200|841020|JG.JANTAR 20PCS BENCAFIL 9200|||UN|00||||||
|0200|520030|BALDE/BEB./ACRILICO ALIMP.B32447|||UN|00||||||
|0200|900953|JG.6ESPETOS P/FONDUE FULL.16078|||UN|00||||||
|0200|521041|JG.4POTES/BAND.P/ERVAS ALIMP.RS749|||UN|00||||||
|0200|900455|JG.P/QUEIJO&PAES 5PCS FULL.17369|||UN|00||||||
|0200|500120|JG.GALHETEIRO MIMO 84500|||UN|00||||||
|0200|520730|JG/JANTAR 28PCS CHIC&BEAU ALIMP.P181128|||UN|00||||||
|0200|812160|JG.6COLHER P/CHA EDF. FACIX|||UN|00||||||
|0200|812530|JOGO 3POTES EDFORT AO553|||UN|00||||||
|0200|520352|PETISQUEIRA SMART 3DIV ALIMP.RS812S|||UN|00||||||
|0200|051340|LAVALOUCA BOSCH ECOPLUS SGS-65E INOX|||UN|00||||||
|0200|110050|LIQUIDIFICADOR HYUNDAI HY-BL900|||UN|00||||||
|0200|901314|JG.3COPOS ALTO 420ML FULL 46179|||UN|00||||||
|0200|970320|FONDUE 10PCS ACO INOX CONTH.134633|||UN|00||||||
|0200|680780|PRATO P/BOLO FOLIAGE 40CM SOYUS|||UN|00||||||
|0200|900951|JG.5 MEXEDORES DRINKS FULL.15849|||UN|00||||||
|0200|901670|BAND.INOX 40X26 REGENT FULL 13894|||UN|00||||||
|0200|903432|JG.6ESPETOS/PETISCO SILIC.FULL 16604|||UN|00||||||
|0200|911070|ASSA FRANGO 24X13 RICAELLE 6141|||UN|00||||||
|0200|103210|PORTA RETRATO 4FOTOS J.F.C|||UN|00||||||
|0200|500125|JG.DE 3POTES INOX MIMO AQ05|||UN|00||||||
|0200|700971|MELEIRA DE VIDRO HUDSON MS80114|||UN|00||||||
|0200|970680|JG.AMERICANO 8PCS CONTHEY D146911|||UN|00||||||
|0200|901250|FACA P/PAO FULL 12290|||UN|00||||||
|0200|680480|JG.COPO/AGUA DIPLOMATA PE/CRISTAL 6pcs|||UN|00||||||
|0200|900831|JG.6VELAS P/RECHAUD FULL 25020|||UN|00||||||
|0200|902350|JG.P/POLIR SAPATO FULL 12611|||UN|00||||||
|0200|900693|MURAL/FOTO PRETO 9FOTOS FULL 17287|||UN|00||||||
|0200|901311|JG.3COPOS 360ML C.BLANCA FULL 46113|||UN|00||||||
|0200|520351|PETISQUEIRA SMART 26X26 ALIMP RS811S|||UN|00||||||
|0200|520353|PETISQUEIRA SMART 4DIV ALIMP RS 814S|||UN|00||||||
|0200|520450|PETISQUEIRA 2AND.ALIMP.BG86646|||UN|00||||||
|0200|520630|TABUA P/APERITIVO ALIMP RS00510|||UN|00||||||
|0200|532350|JG.P/BANHEIRO 4PCS ANIMAL ROGEM.3549|||UN|00||||||
|0200|520710|POTE/PLAST.TP VACUO MED.ALIMP.KP21203|||UN|00||||||
|0200|520944|TAMPA VACUO 27CM ALIMP.KP21905|||UN|00||||||
|0200|760310|FRUTEIRA C/PE BRILH. 30CM 06/066/31|||UN|00||||||
|0200|812410|CEPO QUEIJO EDF.GL288|||UN|00||||||
|0200|900432|DESCASCADOR LARANJA VACU FULL 21076|||UN|00||||||
|0200|900453|TABUA/QUEIJO BAMBU C/BOWL FULL.17191|||UN|00||||||
|0200|900454|JG P/QUEIJO&PAES 25CM 4PÇS FULL 17365|||UN|00||||||
|0200|900456|JG P/QUEIJO&PAES 4PÇS FULL 17367|||UN|00||||||
|0200|901290|JG. 6TAÇAS CHAMPANHE FULL 46071|||UN|00||||||
|0200|940460|TABUA DE PASSAR ERGON F2023|||UN|00||||||
|0200|102090|BANDEJA TABACO ARTE 116/117|||UN|00||||||
|0200|102201|BANDEJA VIDRO PRETO QUAD.ARTE M 144|||UN|00||||||
|0200|520742|BALDE ACRILICO VINHO ORBIT B34015S|||UN|00||||||
|0200|600360|PORTA ADOCANTE/LIQ. EM FIBRA|||UN|00||||||
|0200|DMP-BD65LB-K|DCR-E2010/06536-5-DVD PLAYER BLU RAY|7896067231869||PEC|00||||||
|0200|25.07.21.025|COLUNA AIRON C-94 SILVER|||UN|00||||||
|0200|25.05.09.006|PONTEIRA PD-32|||UN|00||||||
|0200|25.05.09.076|RODIZIO AIRON R-10,5F SILVER|||UN|00||||||
|0200|25.07.23.131|PRATELEIRA GLASS S-50 JATEADO 6MM C/ SUPORTE SILVER|||UN|00||||||
|0200|25.07.21.185|COLUNA AIRON C-160 SILVER|||UN|00||||||
|0200|25.07.21.060|PRATELEIRA AIRON P-100 SILVER|||UN|00||||||
|0200|25.05.09.023|RODIZIO AIRON R-9F SILVER|||UN|00||||||
|0200|030900|COOKTOP BRASTEMP 4B GAS VIDRO BDD61|||UN|00||||||
|0220|PC|1,000|
|0200|100063|FOGAO ESMALTEC HAVAII 4B BR 4005|||UN|00||||||
|0220|UD|1,000|
|0200|700480|DESC. P/FERRO SILIC.HUDSON EV-IOM|||UN|00||||||
|0200|700543|COLHER SORVETE/DOSAGE HUDSON JO229494|||UN|00||||||
|0200|700711|PORTA PANO P/PORTA HUDSON ID57270|||UN|00||||||
|0200|701322|DESCASCADOR VEGETAIS HUDSON PR3356|||UN|00||||||
|0200|701360|JG.3COLHER/MADEIRA HUDSON PR3089|||UN|00||||||
|0200|701391|MINI ESCORREDOR ALIMEN.HUDSON PRCC6|||UN|00||||||
|0200|701800|ABRIDOR MULTIUSO HUDSON JO06042|||UN|00||||||
|0200|160140|TORRADEIRA OSTER 6335|||UN|00||||||
|0220|PC|1,000|
|0200|700801|POTE RET.C/4DIV.700ML HUDSON KX71524|||UN|00||||||
|0200|701040|FRIGIDEIRA CABO OVO HUDSON MS50162|||UN|00||||||
|0200|702040|RALADOR/DIV.LAMIN.HUDSON FK48558|||UN|00||||||
|0200|030113|REF.BRASTEMP INVERSE 422L BRE50 BR|||UN|00||||||
|0220|PC|1,000|
|0200|160180|ABRIDOR ELETRICO P/VINHO OSTER 4207|||UN|00||||||
|0220|PC|1,000|
|0200|701323|SUPORT.P/CORTAR TOMAT.HUDSON MS31667|||UN|00||||||
|0200|160170|LIQUIDIFICADOR OSTERIZER 3V.4655|||UN|00||||||
|0220|PC|1,000|
|0200|701890|ESPATULA/SILICONE HUDSON PRSSTH172|||UN|00||||||
|0200|702120|COLHER DE MEDIDA HUDSON PR3490|||UN|00||||||
|0200|702130|JOGO MEDIDOR/XICARA HUDSON PR3498|||UN|00||||||
|0200|160130|FORNO ELETRICO DIG.OSTER 6292|||UN|00||||||
|0220|PC|1,000|
|0200|700432|ABRIDOR MULTIUSO HUDSON EV-EASI-TAG|||UN|00||||||
|0200|701421|MINI PA P/LIXO C/ESC.HUDSON CB56359|||UN|00||||||
|0200|701431|SACOLA P/CALCADOS HUDSON WE420401|||UN|00||||||
|0200|701630|SACOLA/LAVAND.70X50 HUDSON WE375170|||UN|00||||||
|0200|700434|ESPREMEDOR LIMAO HUDSON FK-42626|||UN|00||||||
|0200|700280|DESCANSO/PANELA HUDSON FK45262|||UN|00||||||
|0200|701820|ESPATULA RESIST/CALOR HUDSON MS50612|||UN|00||||||
|0200|701600|CABIDE METAL/GRAVATA HUDSON RI66950|||UN|00||||||
|0200|700451|PANO PROT.P/PASSAR HUDSON WE109784|||UN|00||||||
|0200|700541|ROLO P/MASSA PLASTICO HUDSON FI00792|||UN|00||||||
|0200|700881|CLIPS P/FECHAR RACAO HUDSON EVKCLP|||UN|00||||||
|0200|700891|PORTA TALHER PLAST.HUNDSON ID34947|||UN|00||||||
|0200|700322|DESCASCADOR VEGETAIS HUDSON.PR3054|||UN|00||||||
|0200|700181|TAMPA MULTIUSO SILIC. HUDSON PR3227|||UN|00||||||
|0200|700712|GANCHO P/PORTA HUDSON ID76500|||UN|00||||||
|0200|701082|ESPELHO/AUMEN.3X LED HUDSON WE365635|||UN|00||||||
|0200|701811|POTE/CONSERV.CEREAIS HUDSON KX71871|||UN|00||||||
|0200|701131|CORTADOR/FRUTAS HUDSON PRGPC2600|||UN|00||||||
|0200|700893|PORTA TRECO HUNDSON 1034847|||UN|00||||||
|0200|701321|CORTADOR/TRITUR.ALHO HUDSON PRGPC2800|||UN|00||||||
|0200|700542|INFUSOR P/CHA/XICARA HUDSON JO229477|||UN|00||||||
|0200|700892|CAIXA P/PAO METAL HUNDSON ID36383|||UN|00||||||
|0200|701812|POTE REDONDO 1,9L HUDSON KX71533|||UN|00||||||
|0200|701831|PANELA P/OMELETE OVO HUDSON MS50153|||UN|00||||||
|0200|100040|FOGAO ESMALTEC SAMOA 5B INOX 5005|||UN|00||||||
|0220|UD|1,000|
|0200|810831|BALDE P/CERVEJA REDOND.EDFORT CV1002|||UN|00||||||
|0200|810921|FORMA P/GELO DIVERSOS EDFORT GL4|||UN|00||||||
|0220|PC|1,000|
|0200|701510|TAMPA/VINHO HUDSON MS-26245|||UN|00||||||
|0200|810922|LUVA TECIDO EDFORT TOW02|||UN|00||||||
|0220|PC|1,000|
|0200|810832|BALDE P/CERVEJA OVAL EDFORT CV1004|||UN|00||||||
|0200|810551|CHALEIRA 3L EDFORT VM SO802|||UN|00||||||
|0220|PC|1,000|
|0200|290350|GRUILL MASTER PRESS SUGGAR GR4422 INOX|||UN|00||||||
|0200|700410|PEG.PICKLES/AZEIT.HUDSON 288/2|||UN|00||||||
|0200|670080|TAMPA UNIV.P/MICROONDAS 20cm KAP.|||UN|00||||||
|0200|10000|MATERIAL DE USO E CONSUMO|||UN|07||||||
|0500|31052011|01|A|1|116010001|MATERIAIS DE REVENDA|
|0990|739|
|C001|0|
|C100|0|0|800006977|01|00|U|0069198||01062011|01062011|308,00|0|||308,00|9||||308,00|52,36||||||||
|C170|1|890070||1,00000|UN|159,00||0|000|1202||159,00|17,00|27,03|0||0|||||||50|159,00|0,65|||1,03|50|159,00|3,00|||4,77||
|C170|2|970120||1,00000|UN|149,00||0|000|1202||149,00|17,00|25,33|0||0|||||||50|149,00|0,65|||0,97|50|149,00|3,00|||4,47||
|C190|000|1202|17,00|308,00|308,00|52,36|0|0|0|0||
|C100|0|0|800006977|01|00|U|0069204||03062011|03062011|249,00|0|||249,00|9||||249,00|42,33||||||||
|C170|1|180263||1,00000|UN|249,00||0|000|1202||249,00|17,00|42,33|0||0|||||||50|249,00|0,65|||1,62|50|249,00|3,00|||7,47||
|C190|000|1202|17,00|249,00|249,00|42,33|0|0|0|0||
|C100|0|0|800006977|01|00|U|0069206||04062011|04062011|69,00|0|||69,00|9||||69,00|11,73||||||||
|C170|1|910781||1,00000|UN|69,00||0|000|1202||69,00|17,00|11,73|0||0|||||||50|69,00|0,65|||0,45|50|69,00|3,00|||2,07||
|C190|000|1202|17,00|69,00|69,00|11,73|0|0|0|0||
|C100|0|0|800006977|01|00|U|0069211||07062011|07062011|65,00|0|||65,00|9||||65,00|11,05||||||||
|C170|1|502201||1,00000|UN|65,00||0|000|1202||65,00|17,00|11,05|0||0|||||||50|65,00|0,65|||0,42|50|65,00|3,00|||1,95||
|C190|000|1202|17,00|65,00|65,00|11,05|0|0|0|0||
|C100|0|0|800006977|01|00|U|0069214||07062011|07062011|329,00|0|||329,00|9||||329,00|55,93||||||||
|C170|1|060170||1,00000|UN|329,00||0|000|1202||329,00|17,00|55,93|0||0|||||||50|329,00|0,65|||2,14|50|329,00|3,00|||9,87||
|C190|000|1202|17,00|329,00|329,00|55,93|0|0|0|0||
|C100|0|0|800006977|01|00|U|0069217||08062011|08062011|319,00|0|||319,00|9||||319,00|54,23||||||||
|C170|1|180253||1,00000|UN|319,00||0|000|1202||319,00|17,00|54,23|0||0|||||||50|319,00|0,65|||2,07|50|319,00|3,00|||9,57||
|C190|000|1202|17,00|319,00|319,00|54,23|0|0|0|0||
|C100|0|0|800006977|01|00|U|0069218||08062011|08062011|29,00|0|||29,00|9||||29,00|4,93||||||||
|C170|1|902710||1,00000|UN|29,00||0|000|1202||29,00|17,00|4,93|0||0|||||||50|29,00|0,65|||0,19|50|29,00|3,00|||0,87||
|C190|000|1202|17,00|29,00|29,00|4,93|0|0|0|0||
|C100|0|0|800006977|01|00|U|0069225||09062011|09062011|55,00|0|||55,00|9||||55,00|9,35||||||||
|C170|1|120150||1,00000|UN|55,00||0|000|1202||55,00|17,00|9,35|0||0|||||||50|55,00|0,65|||0,36|50|55,00|3,00|||1,65||
|C190|000|1202|17,00|55,00|55,00|9,35|0|0|0|0||
|C100|0|0|800006977|01|00|U|0069226||09062011|09062011|721,00|0|||721,00|9||||721,00|122,57||||||||
|C170|1|090240||1,00000|UN|59,00||0|000|1202||59,00|17,00|10,03|0||0|||||||50|59,00|0,65|||0,38|50|59,00|3,00|||1,77||
|C170|2|105300||1,00000|UN|49,00||0|000|1202||49,00|17,00|8,33|0||0|||||||50|49,00|0,65|||0,32|50|49,00|3,00|||1,47||
|C170|3|290220||1,00000|UN|79,00||0|000|1202||79,00|17,00|13,43|0||0|||||||50|79,00|0,65|||0,51|50|79,00|3,00|||2,37||
|C170|4|200520||1,00000|UN|179,00||0|000|1202||179,00|17,00|30,43|0||0|||||||50|179,00|0,65|||1,16|50|179,00|3,00|||5,37||
|C170|5|290340||1,00000|UN|59,00||0|000|1202||59,00|17,00|10,03|0||0|||||||50|59,00|0,65|||0,38|50|59,00|3,00|||1,77||
|C170|6|500140||1,00000|UN|49,00||0|000|1202||49,00|17,00|8,33|0||0|||||||50|49,00|0,65|||0,32|50|49,00|3,00|||1,47||
|C170|7|950310||1,00000|UN|119,00||0|000|1202||119,00|17,00|20,23|0||0|||||||50|119,00|0,65|||0,77|50|119,00|3,00|||3,57||
|C170|8|502202||1,00000|UN|79,00||0|000|1202||79,00|17,00|13,43|0||0|||||||50|79,00|0,65|||0,51|50|79,00|3,00|||2,37||
|C170|9|790020||1,00000|UN|49,00||0|000|1202||49,00|17,00|8,33|0||0|||||||50|49,00|0,65|||0,32|50|49,00|3,00|||1,47||
|C190|000|1202|17,00|721,00|721,00|122,57|0|0|0|0||
|C100|0|0|800006977|01|00|U|0069230||10062011|10062011|99,00|0|||99,00|9||||99,00|16,83||||||||
|C170|1|640070||1,00000|UN|99,00||0|000|1202||99,00|17,00|16,83|0||0|||||||50|99,00|0,65|||0,64|50|99,00|3,00|||2,97||
|C190|000|1202|17,00|99,00|99,00|16,83|0|0|0|0||
|C100|0|0|800006977|01|00|U|0069235||13062011|13062011|737,00|0|||737,00|9||||737,00|125,29||||||||
|C170|1|120020||1,00000|UN|99,00||0|000|1202||99,00|17,00|16,83|0||0|||||||50|99,00|0,65|||0,64|50|99,00|3,00|||2,97||
|C170|2|180263||1,00000|UN|249,00||0|000|1202||249,00|17,00|42,33|0||0|||||||50|249,00|0,65|||1,62|50|249,00|3,00|||7,47||
|C170|3|890360||1,00000|UN|149,00||0|000|1202||149,00|17,00|25,33|0||0|||||||50|149,00|0,65|||0,97|50|149,00|3,00|||4,47||
|C170|4|180263||1,00000|UN|240,00||0|000|1202||240,00|17,00|40,80|0||0|||||||50|240,00|0,65|||1,56|50|240,00|3,00|||7,20||
|C190|000|1202|17,00|737,00|737,00|125,29|0|0|0|0||
|C100|0|0|800006977|01|00|U|0069236||14062011|14062011|900,00|0|||900,00|9||||900,00|153,00||||||||
|C170|1|030143||1,00000|UN|900,00||0|000|1202||900,00|17,00|153,00|0||0|||||||50|900,00|0,65|||5,85|50|900,00|3,00|||27,00||
|C190|000|1202|17,00|900,00|900,00|153,00|0|0|0|0||
|C100|0|0|800006977|01|00|U|0069237||14062011|14062011|1418,00|0|||1418,00|9||||1418,00|241,06||||||||
|C170|1|040423||1,00000|UN|899,00||0|000|1202||899,00|17,00|152,83|0||0|||||||50|899,00|0,65|||5,84|50|899,00|3,00|||26,97||
|C170|2|100030||1,00000|UN|519,00||0|000|1202||519,00|17,00|88,23|0||0|||||||50|519,00|0,65|||3,37|50|519,00|3,00|||15,57||
|C190|000|1202|17,00|1418,00|1418,00|241,06|0|0|0|0||
|C100|0|0|800006977|01|00|U|0069239||14062011|14062011|56,00|0|||56,00|9||||56,00|9,52||||||||
|C170|1|813450||4,00000|UN|56,00||0|000|1202||56,00|17,00|9,52|0||0|||||||50|56,00|0,65|||0,36|50|56,00|3,00|||1,68||
|C190|000|1202|17,00|56,00|56,00|9,52|0|0|0|0||
|C100|0|0|800006977|01|00|U|0069240||14062011|14062011|643,00|0|||643,00|9||||643,00|109,31||||||||
|C170|1|180263||1,00000|UN|249,00||0|000|1202||249,00|17,00|42,33|0||0|||||||50|249,00|0,65|||1,62|50|249,00|3,00|||7,47||
|C170|2|200520||1,00000|UN|170,00||0|000|1202||170,00|17,00|28,90|0||0|||||||50|170,00|0,65|||1,11|50|170,00|3,00|||5,10||
|C170|3|901670||1,00000|UN|125,00||0|000|1202||125,00|17,00|21,25|0||0|||||||50|125,00|0,65|||0,81|50|125,00|3,00|||3,75||
|C170|4|890500||1,00000|UN|99,00||0|000|1202||99,00|17,00|16,83|0||0|||||||50|99,00|0,65|||0,64|50|99,00|3,00|||2,97||
|C190|000|1202|17,00|643,00|643,00|109,31|0|0|0|0||
|C100|0|0|800006977|01|00|U|0069241||14062011|14062011|480,00|0|||480,00|9||||480,00|81,60||||||||
|C170|1|090240||1,00000|UN|59,00||0|000|1202||59,00|17,00|10,03|0||0|||||||50|59,00|0,65|||0,38|50|59,00|3,00|||1,77||
|C170|2|330210||1,00000|UN|69,00||0|000|1202||69,00|17,00|11,73|0||0|||||||50|69,00|0,65|||0,45|50|69,00|3,00|||2,07||
|C170|3|680050||1,00000|UN|59,00||0|000|1202||59,00|17,00|10,03|0||0|||||||50|59,00|0,65|||0,38|50|59,00|3,00|||1,77||
|C170|4|910782||1,00000|UN|69,00||0|000|1202||69,00|17,00|11,73|0||0|||||||50|69,00|0,65|||0,45|50|69,00|3,00|||2,07||
|C170|5|330240||1,00000|UN|75,00||0|000|1202||75,00|17,00|12,75|0||0|||||||50|75,00|0,65|||0,49|50|75,00|3,00|||2,25||
|C170|6|890360||1,00000|UN|149,00||0|000|1202||149,00|17,00|25,33|0||0|||||||50|149,00|0,65|||0,97|50|149,00|3,00|||4,47||
|C190|000|1202|17,00|480,00|480,00|81,60|0|0|0|0||
|C100|0|0|800006977|01|00|U|0069243||15062011|15062011|148,00|0|||148,00|9||||148,00|25,16||||||||
|C170|1|105102||2,00000|UN|38,00||0|000|1202||38,00|17,00|6,46|0||0|||||||50|38,00|0,65|||0,25|50|38,00|3,00|||1,14||
|C170|2|501740||1,00000|UN|59,00||0|000|1202||59,00|17,00|10,03|0||0|||||||50|59,00|0,65|||0,38|50|59,00|3,00|||1,77||
|C170|3|701100||1,00000|UN|22,00||0|000|1202||22,00|17,00|3,74|0||0|||||||50|22,00|0,65|||0,14|50|22,00|3,00|||0,66||
|C170|4|902040||1,00000|UN|29,00||0|000|1202||29,00|17,00|4,93|0||0|||||||50|29,00|0,65|||0,19|50|29,00|3,00|||0,87||
|C190|000|1202|17,00|148,00|148,00|25,16|0|0|0|0||
|C100|0|0|800006977|01|00|U|0069244||15062011|15062011|138,00|0|||138,00|9||||138,00|23,46||||||||
|C170|1|105104||1,00000|UN|39,00||0|000|1202||39,00|17,00|6,63|0||0|||||||50|39,00|0,65|||0,25|50|39,00|3,00|||1,17||
|C170|2|106130||1,00000|UN|99,00||0|000|1202||99,00|17,00|16,83|0||0|||||||50|99,00|0,65|||0,64|50|99,00|3,00|||2,97||
|C190|000|1202|17,00|138,00|138,00|23,46|0|0|0|0||
|C100|0|0|800006977|01|00|U|0069245||16062011|16062011|10,00|0|||10,00|9||||10,00|1,70||||||||
|C170|1|502371||1,00000|UN|10,00||0|000|1202||10,00|17,00|1,70|0||0|||||||50|10,00|0,65|||0,07|50|10,00|3,00|||0,30||
|C190|000|1202|17,00|10,00|10,00|1,70|0|0|0|0||
|C100|0|0|800006977|01|00|U|0069248||17062011|17062011|240,00|0|||240,00|9||||240,00|40,80||||||||
|C170|1|180263||1,00000|UN|240,00||0|000|1202||240,00|17,00|40,80|0||0|||||||50|240,00|0,65|||1,56|50|240,00|3,00|||7,20||
|C190|000|1202|17,00|240,00|240,00|40,80|0|0|0|0||
|C100|0|0|800006977|01|00|U|0069249||17062011|17062011|455,00|0|||455,00|9||||455,00|77,35||||||||
|C170|1|090240||1,00000|UN|59,00||0|000|1202||59,00|17,00|10,03|0||0|||||||50|59,00|0,65|||0,38|50|59,00|3,00|||1,77||
|C170|2|290260||1,00000|UN|49,00||0|000|1202||49,00|17,00|8,33|0||0|||||||50|49,00|0,65|||0,32|50|49,00|3,00|||1,47||
|C170|3|290340||1,00000|UN|59,00||0|000|1202||59,00|17,00|10,03|0||0|||||||50|59,00|0,65|||0,38|50|59,00|3,00|||1,77||
|C170|4|500170||1,00000|UN|45,00||0|000|1202||45,00|17,00|7,65|0||0|||||||50|45,00|0,65|||0,29|50|45,00|3,00|||1,35||
|C170|5|530010||1,00000|UN|31,00||0|000|1202||31,00|17,00|5,27|0||0|||||||50|31,00|0,65|||0,20|50|31,00|3,00|||0,93||
|C170|6|501030||1,00000|UN|22,00||0|000|1202||22,00|17,00|3,74|0||0|||||||50|22,00|0,65|||0,14|50|22,00|3,00|||0,66||
|C170|7|660261||1,00000|UN|29,00||0|000|1202||29,00|17,00|4,93|0||0|||||||50|29,00|0,65|||0,19|50|29,00|3,00|||0,87||
|C170|8|970320||1,00000|UN|75,00||0|000|1202||75,00|17,00|12,75|0||0|||||||50|75,00|0,65|||0,49|50|75,00|3,00|||2,25||
|C170|9|902200||1,00000|UN|22,00||0|000|1202||22,00|17,00|3,74|0||0|||||||50|22,00|0,65|||0,14|50|22,00|3,00|||0,66||
|C170|10|680281||1,00000|UN|29,00||0|000|1202||29,00|17,00|4,93|0||0|||||||50|29,00|0,65|||0,19|50|29,00|3,00|||0,87||
|C170|11|680501||1,00000|UN|35,00||0|000|1202||35,00|17,00|5,95|0||0|||||||50|35,00|0,65|||0,23|50|35,00|3,00|||1,05||
|C190|000|1202|17,00|455,00|455,00|77,35|0|0|0|0||
|C100|0|0|800006977|01|00|U|0069250||17062011|17062011|601,00|0|||601,00|9||||601,00|102,17||||||||
|C170|1|105100||1,00000|UN|69,00||0|000|1202||69,00|17,00|11,73|0||0|||||||50|69,00|0,65|||0,45|50|69,00|3,00|||2,07||
|C170|2|105301||1,00000|UN|75,00||0|000|1202||75,00|17,00|12,75|0||0|||||||50|75,00|0,65|||0,49|50|75,00|3,00|||2,25||
|C170|3|120130||1,00000|UN|49,00||0|000|1202||49,00|17,00|8,33|0||0|||||||50|49,00|0,65|||0,32|50|49,00|3,00|||1,47||
|C170|4|680260||1,00000|UN|39,00||0|000|1202||39,00|17,00|6,63|0||0|||||||50|39,00|0,65|||0,25|50|39,00|3,00|||1,17||
|C170|5|812010||1,00000|UN|17,00||0|000|1202||17,00|17,00|2,89|0||0|||||||50|17,00|0,65|||0,11|50|17,00|3,00|||0,51||
|C170|6|660262||1,00000|UN|25,00||0|000|1202||25,00|17,00|4,25|0||0|||||||50|25,00|0,65|||0,16|50|25,00|3,00|||0,75||
|C170|7|813550||1,00000|UN|35,00||0|000|1202||35,00|17,00|5,95|0||0|||||||50|35,00|0,65|||0,23|50|35,00|3,00|||1,05||
|C170|8|902511||1,00000|UN|79,00||0|000|1202||79,00|17,00|13,43|0||0|||||||50|79,00|0,65|||0,51|50|79,00|3,00|||2,37||
|C170|9|900221||1,00000|UN|59,00||0|000|1202||59,00|17,00|10,03|0||0|||||||50|59,00|0,65|||0,38|50|59,00|3,00|||1,77||
|C170|10|890500||1,00000|UN|95,00||0|000|1202||95,00|17,00|16,15|0||0|||||||50|95,00|0,65|||0,62|50|95,00|3,00|||2,85||
|C170|11|890340||1,00000|UN|59,00||0|000|1202||59,00|17,00|10,03|0||0|||||||50|59,00|0,65|||0,38|50|59,00|3,00|||1,77||
|C190|000|1202|17,00|601,00|601,00|102,17|0|0|0|0||
|C100|0|0|800006977|01|00|U|0069256||21062011|21062011|253,00|0|||253,00|9||||253,00|43,01||||||||
|C170|1|702210||1,00000|UN|159,00||0|000|1202||159,00|17,00|27,03|0||0|||||||50|159,00|0,65|||1,03|50|159,00|3,00|||4,77||
|C170|2|911040||1,00000|UN|45,00||0|000|1202||45,00|17,00|7,65|0||0|||||||50|45,00|0,65|||0,29|50|45,00|3,00|||1,35||
|C170|3|950120||1,00000|UN|49,00||0|000|1202||49,00|17,00|8,33|0||0|||||||50|49,00|0,65|||0,32|50|49,00|3,00|||1,47||
|C190|000|1202|17,00|253,00|253,00|43,01|0|0|0|0||
|C100|0|0|800006977|01|00|U|0069258||21062011|21062011|84,00|0|||84,00|9||||84,00|14,28||||||||
|C170|1|500130||1,00000|UN|29,00||0|000|1202||29,00|17,00|4,93|0||0|||||||50|29,00|0,65|||0,19|50|29,00|3,00|||0,87||
|C170|2|850050||1,00000|UN|55,00||0|000|1202||55,00|17,00|9,35|0||0|||||||50|55,00|0,65|||0,36|50|55,00|3,00|||1,65||
|C190|000|1202|17,00|84,00|84,00|14,28|0|0|0|0||
|C100|0|0|800006977|01|00|U|0069263||24062011|24062011|2330,00|0|||2330,00|9||||2330,00|396,10||||||||
|C170|1|030033||1,00000|UN|2330,00||0|000|1202||2330,00|17,00|396,10|0||0|||||||50|2330,00|0,65|||15,15|50|2330,00|3,00|||69,90||
|C190|000|1202|17,00|2330,00|2330,00|396,10|0|0|0|0||
|C100|0|0|800006977|01|00|U|0069264||24062011|24062011|770,00|0|||770,00|9||||770,00|130,90||||||||
|C170|1|150410||1,00000|UN|59,00||0|000|1202||59,00|17,00|10,03|0||0|||||||50|59,00|0,65|||0,38|50|59,00|3,00|||1,77||
|C170|2|180263||1,00000|UN|249,00||0|000|1202||249,00|17,00|42,33|0||0|||||||50|249,00|0,65|||1,62|50|249,00|3,00|||7,47||
|C170|3|840980||1,00000|UN|65,00||0|000|1202||65,00|17,00|11,05|0||0|||||||50|65,00|0,65|||0,42|50|65,00|3,00|||1,95||
|C170|4|330240||1,00000|UN|79,00||0|000|1202||79,00|17,00|13,43|0||0|||||||50|79,00|0,65|||0,51|50|79,00|3,00|||2,37||
|C170|5|290190||1,00000|UN|69,00||0|000|1202||69,00|17,00|11,73|0||0|||||||50|69,00|0,65|||0,45|50|69,00|3,00|||2,07||
|C170|6|180263||1,00000|UN|249,00||0|000|1202||249,00|17,00|42,33|0||0|||||||50|249,00|0,65|||1,62|50|249,00|3,00|||7,47||
|C190|000|1202|17,00|770,00|770,00|130,90|0|0|0|0||
|C100|0|0|800006977|01|00|U|0069267||25062011|25062011|2698,00|0|||2698,00|9||||2698,00|458,66||||||||
|C170|1|040530||1,00000|UN|899,00||0|000|1202||899,00|17,00|152,83|0||0|||||||50|899,00|0,65|||5,84|50|899,00|3,00|||26,97||
|C170|2|180790||1,00000|UN|1799,00||0|000|1202||1799,00|17,00|305,83|0||0|||||||50|1799,00|0,65|||11,69|50|1799,00|3,00|||53,97||
|C190|000|1202|17,00|2698,00|2698,00|458,66|0|0|0|0||
|C100|0|0|800006977|01|00|U|0069269||27062011|27062011|219,00|0|||219,00|9||||219,00|37,23||||||||
|C170|1|521170||1,00000|UN|219,00||0|000|1202||219,00|17,00|37,23|0||0|||||||50|219,00|0,65|||1,42|50|219,00|3,00|||6,57||
|C190|000|1202|17,00|219,00|219,00|37,23|0|0|0|0||
|C100|0|0|800006977|01|00|U|0069270||27062011|27062011|49,00|0|||49,00|9||||49,00|8,33||||||||
|C170|1|500081||1,00000|UN|49,00||0|000|1202||49,00|17,00|8,33|0||0|||||||50|49,00|0,65|||0,32|50|49,00|3,00|||1,47||
|C190|000|1202|17,00|49,00|49,00|8,33|0|0|0|0||
|C100|0|0|800006977|01|00|U|0069273||28062011|28062011|249,00|0|||249,00|9||||249,00|42,33||||||||
|C170|1|180263||1,00000|UN|249,00||0|000|1202||249,00|17,00|42,33|0||0|||||||50|249,00|0,65|||1,62|50|249,00|3,00|||7,47||
|C190|000|1202|17,00|249,00|249,00|42,33|0|0|0|0||
|C100|0|0|800006977|01|00|U|0069281||29062011|29062011|249,00|0|||249,00|9||||249,00|42,33||||||||
|C170|1|180263||1,00000|UN|249,00||0|000|1202||249,00|17,00|42,33|0||0|||||||50|249,00|0,65|||1,62|50|249,00|3,00|||7,47||
|C190|000|1202|17,00|249,00|249,00|42,33|0|0|0|0||
|C100|0|1|800006977|01|00|1|0004094||16062011|16062011|1032,31|9|||1032,31|9||||0|0||||||||
|C170|1|180203||1,00000|UN|239,31||0|041|1915|||||0||0||||||||||||||||||||
|C170|2|180770||1,00000|UN|793,00||0|041|1915|||||0||0||||||||||||||||||||
|C190|041|1915||1032,31|0|0|0|0|0|0||
|C100|1|0|800007135|01|00|U|0069283||29062011|29062011|10299,00|0|||10299,00|9||||0|0||||||||
|C170|1|030870||1,00000|UN|4534,00||0|041|5949|||||0||0|||||||99||||||99|||||||
|C170|2|050880||1,00000|UN|2175,00||0|041|5949|||||0||0|||||||99||||||99|||||||
|C170|3|051080||1,00000|UN|2175,00||0|041|5949|||||0||0|||||||99||||||99|||||||
|C170|4|050920||1,00000|UN|1079,00||0|041|5949|||||0||0|||||||99||||||99|||||||
|C170|5|100210||1,00000|UN|336,00||0|041|5949|||||0||0|||||||99||||||99|||||||
|C190|041|5949||10299,00|0|0|0|0|0|0||
|C100|1|0|800007136|01|00|U|0069284||29062011|29062011|2900,00|0|||2900,00|9||||0|0||||||||
|C170|1|030830||1,00000|UN|1169,00||0|041|5949|||||0||0|||||||99||||||99|||||||
|C170|2|220650||1,00000|UN|1731,00||0|041|5949|||||0||0|||||||99||||||99|||||||
|C190|041|5949||2900,00|0|0|0|0|0|0||
|C100|1|0|800007136|01|00|U|0069285||29062011|29062011|607,00|0|||607,00|9||||0|0||||||||
|C170|1|030383||1,00000|UN|607,00||0|041|5949|||||0||0|||||||99||||||99|||||||
|C190|041|5949||607,00|0|0|0|0|0|0||
|C100|1|0|800007137|01|00|U|0069262||24062011|24062011|1798,00|0|||1798,00|9||||0|0||||||||
|C170|1|040530||2,00000|UN|1798,00||0|041|5949|||||0||0|||||||99||||||99|||||||
|C190|041|5949||1798,00|0|0|0|0|0|0||
|C100|1|0|800007128|01|00|U|0069220||09062011|09062011|298,00|0|||298,00|9||||0|0||||||||
|C170|1|106010||1,00000|UN|79,00||0|041|5949|||||0||0|||||||99||||||99|||||||
|C170|2|330130||1,00000|UN|219,00||0|041|5949|||||0||0|||||||99||||||99|||||||
|C190|041|5949||298,00|0|0|0|0|0|0||
|C100|1|0|800008050|01|00|U|0069209||06062011|06062011|569,00|0|||569,00|9||||0|0||||||||
|C170|1|270010||1,00000|UN|569,00||0|041|5949|||||0||0|||||||99||||||99|||||||
|C190|041|5949||569,00|0|0|0|0|0|0||
|C100|1|0|800008051|01|00|U|0069260||22062011|22062011|390,00|0|||390,00|9||||0|0||||||||
|C170|1|100200||1,00000|UN|390,00||0|041|5949|||||0||0|||||||99||||||99|||||||
|C190|041|5949||390,00|0|0|0|0|0|0||
|C100|1|0|800007134|01|00|U|0069266||25062011|25062011|279,00|0|||279,00|9||||0|0||||||||
|C170|1|070420||1,00000|UN|279,00||0|041|5949|||||0||0|||||||99||||||99|||||||
|C190|041|5949||279,00|0|0|0|0|0|0||
|C100|1|0|800007104|01|00|U|0069231||10062011|10062011|59,00|0|||59,00|9||||0|0||||||||
|C170|1|150050||1,00000|UN|59,00||0|041|5949|||||0||0|||||||99||||||99|||||||
|C190|041|5949||59,00|0|0|0|0|0|0||
|C100|1|0|800006448|01|00|U|0069227||10062011|10062011|1500,00|0|||1500,00|9||||0|0||||||||
|C170|1|030970||1,00000|UN|1500,00||0|041|5949|||||0||0|||||||99||||||99|||||||
|C190|041|5949||1500,00|0|0|0|0|0|0||
|C100|1|0|800008026|01|00|U|0069286||29062011|29062011|187,05|0|||187,05|9||||187,05|31,80||||||||
|C170|1|100013||1,00000|UN|187,05||0|000|5152||187,05|17,00|31,80|0||0|||||||01|187,05|0,65|||1,22|01|187,05|3,00|||5,61||
|C190|000|5152|17,00|187,05|187,05|31,80|0|0|0|0||
|C100|1|0|800008026|01|00|U|0069287||30062011|30062011|293,81|0|||293,81|9||||293,81|49,95||||||||
|C170|1|660230||3,00000|UN|178,44||0|000|5152||178,44|17,00|30,33|0||0|||||||01|178,44|0,65|||1,16|01|178,44|3,00|||5,35||
|C170|2|890560||1,00000|UN|115,37||0|000|5152||115,37|17,00|19,61|0||0|||||||01|115,37|0,65|||0,75|01|115,37|3,00|||3,46||
|C190|000|5152|17,00|293,81|293,81|49,95|0|0|0|0||
|C100|1|0|800008026|01|00|U|0069288||30062011|30062011|5680,44|0|||5680,44|9||||5680,44|965,67||||||||
|C170|1|031240||6,00000|UN|917,40||0|000|5152||917,40|17,00|155,96|0||0|||||||01|917,40|0,65|||5,96|01|917,40|3,00|||27,52||
|C170|2|040550||6,00000|UN|535,50||0|000|5152||535,50|17,00|91,03|0||0|||||||01|535,50|0,65|||3,48|01|535,50|3,00|||16,07||
|C170|3|270010||3,00000|UN|1013,43||0|000|5152||1013,43|17,00|172,28|0||0|||||||01|1013,43|0,65|||6,59|01|1013,43|3,00|||30,40||
|C170|4|100200||6,00000|UN|1489,86||0|000|5152||1489,86|17,00|253,28|0||0|||||||01|1489,86|0,65|||9,68|01|1489,86|3,00|||44,70||
|C170|5|040570||5,00000|UN|561,90||0|000|5152||561,90|17,00|95,52|0||0|||||||01|561,90|0,65|||3,65|01|561,90|3,00|||16,86||
|C170|6|100210||5,00000|UN|1162,35||0|000|5152||1162,35|17,00|197,60|0||0|||||||01|1162,35|0,65|||7,56|01|1162,35|3,00|||34,87||
|C190|000|5152|17,00|5680,44|5680,44|965,67|0|0|0|0||
|C100|1|0|800008026|01|00|U|0069265||25062011|25062011|6742,93|0|||6742,93|9||||6742,93|1146,30||||||||
|C170|1|030293||1,00000|UN|966,09||0|000|5152||966,09|17,00|164,24|0||0|||||||01|966,09|0,65|||6,28|01|966,09|3,00|||28,98||
|C170|2|030353||1,00000|UN|1417,26||0|000|5152||1417,26|17,00|240,93|0||0|||||||01|1417,26|0,65|||9,21|01|1417,26|3,00|||42,52||
|C170|3|040520||3,00000|UN|1855,32||0|000|5152||1855,32|17,00|315,40|0||0|||||||01|1855,32|0,65|||12,06|01|1855,32|3,00|||55,66||
|C170|4|040530||3,00000|UN|1644,69||0|000|5152||1644,69|17,00|279,60|0||0|||||||01|1644,69|0,65|||10,69|01|1644,69|3,00|||49,34||
|C170|5|030363||1,00000|UN|668,99||0|000|5152||668,99|17,00|113,73|0||0|||||||01|668,99|0,65|||4,35|01|668,99|3,00|||20,07||
|C170|6|902490||1,00000|UN|190,58||0|000|5152||190,58|17,00|32,40|0||0|||||||01|190,58|0,65|||1,24|01|190,58|3,00|||5,72||
|C190|000|5152|17,00|6742,93|6742,93|1146,30|0|0|0|0||
|C100|1|0|800008026|01|00|U|0069268||27062011|27062011|65,92|0|||65,92|9||||65,92|11,21||||||||
|C170|1|500040||4,00000|UN|65,92||0|000|5152||65,92|17,00|11,21|0||0|||||||01|65,92|0,65|||0,43|01|65,92|3,00|||1,98||
|C190|000|5152|17,00|65,92|65,92|11,21|0|0|0|0||
|C100|1|0|800008026|01|00|U|0069271||28062011|28062011|6263,01|0|||6263,01|9||||6263,01|1064,71||||||||
|C170|1|030253||1,00000|UN|925,65||0|000|5152||925,65|17,00|157,36|0||0|||||||01|925,65|0,65|||6,02|01|925,65|3,00|||27,77||
|C170|2|030283||2,00000|UN|579,82||0|000|5152||579,82|17,00|98,57|0||0|||||||01|579,82|0,65|||3,77|01|579,82|3,00|||17,39||
|C170|3|180273||10,00000|UN|1913,40||0|000|5152||1913,40|17,00|325,28|0||0|||||||01|1913,40|0,65|||12,44|01|1913,40|3,00|||57,40||
|C170|4|290170||1,00000|UN|595,02||0|000|5152||595,02|17,00|101,15|0||0|||||||01|595,02|0,65|||3,87|01|595,02|3,00|||17,85||
|C170|5|040360||3,00000|UN|625,92||0|000|5152||625,92|17,00|106,41|0||0|||||||01|625,92|0,65|||4,07|01|625,92|3,00|||18,78||
|C170|6|031130||1,00000|UN|669,49||0|000|5152||669,49|17,00|113,81|0||0|||||||01|669,49|0,65|||4,35|01|669,49|3,00|||20,08||
|C170|7|330150||3,00000|UN|672,75||0|000|5152||672,75|17,00|114,37|0||0|||||||01|672,75|0,65|||4,37|01|672,75|3,00|||20,18||
|C170|8|950310||4,00000|UN|280,96||0|000|5152||280,96|17,00|47,76|0||0|||||||01|280,96|0,65|||1,83|01|280,96|3,00|||8,43||
|C190|000|5152|17,00|6263,01|6263,01|1064,71|0|0|0|0||
|C100|1|0|800008026|01|00|U|0069275||29062011|29062011|529,01|0|||529,01|9||||529,01|89,93||||||||
|C170|1|900202||2,00000|UN|26,30||0|000|5152||26,30|17,00|4,47|0||0|||||||01|26,30|0,65|||0,17|01|26,30|3,00|||0,79||
|C170|2|900450||2,00000|UN|45,32||0|000|5152||45,32|17,00|7,70|0||0|||||||01|45,32|0,65|||0,29|01|45,32|3,00|||1,36||
|C170|3|900671||5,00000|UN|17,10||0|000|5152||17,10|17,00|2,91|0||0|||||||01|17,10|0,65|||0,11|01|17,10|3,00|||0,51||
|C170|4|900452||1,00000|UN|7,88||0|000|5152||7,88|17,00|1,34|0||0|||||||01|7,88|0,65|||0,05|01|7,88|3,00|||0,24||
|C170|5|900621||1,00000|UN|24,95||0|000|5152||24,95|17,00|4,24|0||0|||||||01|24,95|0,65|||0,16|01|24,95|3,00|||0,75||
|C170|6|900491||5,00000|UN|131,45||0|000|5152||131,45|17,00|22,35|0||0|||||||01|131,45|0,65|||0,85|01|131,45|3,00|||3,94||
|C170|7|903150||4,00000|UN|82,44||0|000|5152||82,44|17,00|14,01|0||0|||||||01|82,44|0,65|||0,54|01|82,44|3,00|||2,47||
|C170|8|900693||1,00000|UN|36,59||0|000|5152||36,59|17,00|6,22|0||0|||||||01|36,59|0,65|||0,24|01|36,59|3,00|||1,10||
|C170|9|902230||3,00000|UN|80,97||0|000|5152||80,97|17,00|13,76|0||0|||||||01|80,97|0,65|||0,53|01|80,97|3,00|||2,43||
|C170|10|900951||8,00000|UN|17,12||0|000|5152||17,12|17,00|2,91|0||0|||||||01|17,12|0,65|||0,11|01|17,12|3,00|||0,51||
|C170|11|903170||10,00000|UN|26,90||0|000|5152||26,90|17,00|4,57|0||0|||||||01|26,90|0,65|||0,17|01|26,90|3,00|||0,81||
|C170|12|902590||7,00000|UN|31,99||0|000|5152||31,99|17,00|5,44|0||0|||||||01|31,99|0,65|||0,21|01|31,99|3,00|||0,96||
|C190|000|5152|17,00|529,01|529,01|89,93|0|0|0|0||
|C100|1|0|800008026|01|00|U|0069276||29062011|29062011|360,67|0|||360,67|9||||360,67|61,31||||||||
|C170|1|900431||8,00000|UN|86,80||0|000|5152||86,80|17,00|14,76|0||0|||||||01|86,80|0,65|||0,56|01|86,80|3,00|||2,60||
|C170|2|900432||2,00000|UN|10,98||0|000|5152||10,98|17,00|1,87|0||0|||||||01|10,98|0,65|||0,07|01|10,98|3,00|||0,33||
|C170|3|900453||1,00000|UN|30,85||0|000|5152||30,85|17,00|5,24|0||0|||||||01|30,85|0,65|||0,20|01|30,85|3,00|||0,93||
|C170|4|900454||1,00000|UN|25,71||0|000|5152||25,71|17,00|4,37|0||0|||||||01|25,71|0,65|||0,17|01|25,71|3,00|||0,77||
|C170|5|900455||2,00000|UN|34,10||0|000|5152||34,10|17,00|5,80|0||0|||||||01|34,10|0,65|||0,22|01|34,10|3,00|||1,02||
|C170|6|900433||4,00000|UN|47,24||0|000|5152||47,24|17,00|8,03|0||0|||||||01|47,24|0,65|||0,31|01|47,24|3,00|||1,42||
|C170|7|900456||2,00000|UN|32,68||0|000|5152||32,68|17,00|5,56|0||0|||||||01|32,68|0,65|||0,21|01|32,68|3,00|||0,98||
|C170|8|901311||3,00000|UN|22,26||0|000|5152||22,26|17,00|3,78|0||0|||||||01|22,26|0,65|||0,14|01|22,26|3,00|||0,67||
|C170|9|901313||3,00000|UN|21,27||0|000|5152||21,27|17,00|3,62|0||0|||||||01|21,27|0,65|||0,14|01|21,27|3,00|||0,64||
|C170|10|901314||3,00000|UN|22,74||0|000|5152||22,74|17,00|3,87|0||0|||||||01|22,74|0,65|||0,15|01|22,74|3,00|||0,68||
|C170|11|901312||3,00000|UN|26,04||0|000|5152||26,04|17,00|4,43|0||0|||||||01|26,04|0,65|||0,17|01|26,04|3,00|||0,78||
|C190|000|5152|17,00|360,67|360,67|61,31|0|0|0|0||
|C100|1|0|800008026|01|00|U|0069277||29062011|29062011|727,91|0|||727,91|9||||727,91|123,74||||||||
|C170|1|520351||2,00000|UN|73,34||0|000|5152||73,34|17,00|12,47|0||0|||||||01|73,34|0,65|||0,48|01|73,34|3,00|||2,20||
|C170|2|520352||2,00000|UN|89,64||0|000|5152||89,64|17,00|15,24|0||0|||||||01|89,64|0,65|||0,58|01|89,64|3,00|||2,69||
|C170|3|520353||2,00000|UN|89,64||0|000|5152||89,64|17,00|15,24|0||0|||||||01|89,64|0,65|||0,58|01|89,64|3,00|||2,69||
|C170|4|520440||2,00000|UN|64,92||0|000|5152||64,92|17,00|11,04|0||0|||||||01|64,92|0,65|||0,42|01|64,92|3,00|||1,95||
|C170|5|520742||2,00000|UN|77,28||0|000|5152||77,28|17,00|13,14|0||0|||||||01|77,28|0,65|||0,50|01|77,28|3,00|||2,32||
|C170|6|520740||3,00000|UN|198,63||0|000|5152||198,63|17,00|33,77|0||0|||||||01|198,63|0,65|||1,29|01|198,63|3,00|||5,96||
|C170|7|521041||3,00000|UN|134,46||0|000|5152||134,46|17,00|22,86|0||0|||||||01|134,46|0,65|||0,87|01|134,46|3,00|||4,03||
|C190|000|5152|17,00|727,91|727,91|123,74|0|0|0|0||
|C100|1|0|800008026|01|00|U|0069278||29062011|29062011|925,65|0|||925,65|9||||925,65|157,36||||||||
|C170|1|030263||1,00000|UN|925,65||0|000|5152||925,65|17,00|157,36|0||0|||||||01|925,65|0,65|||6,02|01|925,65|3,00|||27,77||
|C190|000|5152|17,00|925,65|925,65|157,36|0|0|0|0||
|C100|1|0|800008026|01|00|U|0069280||29062011|29062011|7385,17|0|||7385,17|9||||7385,17|1255,48||||||||
|C170|1|040280||2,00000|UN|1668,42||0|000|5152||1668,42|17,00|283,63|0||0|||||||01|1668,42|0,65|||10,84|01|1668,42|3,00|||50,05||
|C170|2|180270||10,00000|UN|1540,30||0|000|5152||1540,30|17,00|261,85|0||0|||||||01|1540,30|0,65|||10,01|01|1540,30|3,00|||46,21||
|C170|3|290033||5,00000|UN|537,35||0|000|5152||537,35|17,00|91,35|0||0|||||||01|537,35|0,65|||3,49|01|537,35|3,00|||16,12||
|C170|4|290053||5,00000|UN|592,70||0|000|5152||592,70|17,00|100,76|0||0|||||||01|592,70|0,65|||3,85|01|592,70|3,00|||17,78||
|C170|5|290060||2,00000|UN|284,08||0|000|5152||284,08|17,00|48,29|0||0|||||||01|284,08|0,65|||1,85|01|284,08|3,00|||8,52||
|C170|6|290200||5,00000|UN|306,10||0|000|5152||306,10|17,00|52,04|0||0|||||||01|306,10|0,65|||1,99|01|306,10|3,00|||9,18||
|C170|7|290210||3,00000|UN|561,30||0|000|5152||561,30|17,00|95,42|0||0|||||||01|561,30|0,65|||3,65|01|561,30|3,00|||16,84||
|C170|8|290220||12,00000|UN|583,08||0|000|5152||583,08|17,00|99,12|0||0|||||||01|583,08|0,65|||3,79|01|583,08|3,00|||17,49||
|C170|9|290260||3,00000|UN|79,56||0|000|5152||79,56|17,00|13,53|0||0|||||||01|79,56|0,65|||0,52|01|79,56|3,00|||2,39||
|C170|10|290270||6,00000|UN|247,68||0|000|5152||247,68|17,00|42,11|0||0|||||||01|247,68|0,65|||1,61|01|247,68|3,00|||7,43||
|C170|11|290280||4,00000|UN|280,12||0|000|5152||280,12|17,00|47,62|0||0|||||||01|280,12|0,65|||1,82|01|280,12|3,00|||8,40||
|C170|12|290290||4,00000|UN|241,40||0|000|5152||241,40|17,00|41,04|0||0|||||||01|241,40|0,65|||1,57|01|241,40|3,00|||7,24||
|C170|13|290300||6,00000|UN|463,08||0|000|5152||463,08|17,00|78,72|0||0|||||||01|463,08|0,65|||3,01|01|463,08|3,00|||13,89||
|C190|000|5152|17,00|7385,17|7385,17|1255,48|0|0|0|0||
|C100|1|0|800008026|01|00|U|0069205||04062011|04062011|1644,69|0|||1644,69|9||||1644,69|279,60||||||||
|C170|1|040530||3,00000|UN|1644,69||0|000|5152||1644,69|17,00|279,60|0||0|||||||01|1644,69|0,65|||10,69|01|1644,69|3,00|||49,34||
|C190|000|5152|17,00|1644,69|1644,69|279,60|0|0|0|0||
|C100|1|0|800008026|01|00|U|0069207||04062011|04062011|1725,83|0|||1725,83|9||||1725,83|293,39||||||||
|C170|1|051340||1,00000|UN|1725,83||0|000|5152||1725,83|17,00|293,39|0||0|||||||01|1725,83|0,65|||11,22|01|1725,83|3,00|||51,77||
|C190|000|5152|17,00|1725,83|1725,83|293,39|0|0|0|0||
|C100|1|0|800008026|01|00|U|0069210||07062011|07062011|2993,76|0|||2993,76|9||||2993,76|508,94||||||||
|C170|1|030253||1,00000|UN|940,86||0|000|5152||940,86|17,00|159,95|0||0|||||||01|940,86|0,65|||6,12|01|940,86|3,00|||28,23||
|C170|2|030393||1,00000|UN|925,77||0|000|5152||925,77|17,00|157,38|0||0|||||||01|925,77|0,65|||6,02|01|925,77|3,00|||27,77||
|C170|3|031273||1,00000|UN|1127,13||0|000|5152||1127,13|17,00|191,61|0||0|||||||01|1127,13|0,65|||7,33|01|1127,13|3,00|||33,81||
|C190|000|5152|17,00|2993,76|2993,76|508,94|0|0|0|0||
|C100|1|0|800008026|01|00|U|0069252||18062011|18062011|9326,50|0|||9326,50|9||||9326,50|1585,51||||||||
|C170|1|040123||2,00000|UN|913,12||0|000|5152||913,12|17,00|155,23|0||0|||||||01|913,12|0,65|||5,94|01|913,12|3,00|||27,39||
|C170|2|040133||2,00000|UN|960,20||0|000|5152||960,20|17,00|163,23|0||0|||||||01|960,20|0,65|||6,24|01|960,20|3,00|||28,81||
|C170|3|180790||3,00000|UN|3196,38||0|000|5152||3196,38|17,00|543,38|0||0|||||||01|3196,38|0,65|||20,78|01|3196,38|3,00|||95,89||
|C170|4|180380||5,00000|UN|1463,05||0|000|5152||1463,05|17,00|248,72|0||0|||||||01|1463,05|0,65|||9,51|01|1463,05|3,00|||43,89||
|C170|5|180203||5,00000|UN|1196,55||0|000|5152||1196,55|17,00|203,41|0||0|||||||01|1196,55|0,65|||7,78|01|1196,55|3,00|||35,90||
|C170|6|180420||3,00000|UN|1597,20||0|000|5152||1597,20|17,00|271,52|0||0|||||||01|1597,20|0,65|||10,38|01|1597,20|3,00|||47,92||
|C190|000|5152|17,00|9326,50|9326,50|1585,51|0|0|0|0||
|C100|1|0|800008026|01|00|U|0069253||20062011|20062011|1005,64|0|||1005,64|9||||1005,64|170,96||||||||
|C170|1|060230||2,00000|UN|1005,64||0|000|5152||1005,64|17,00|170,96|0||0|||||||01|1005,64|0,65|||6,54|01|1005,64|3,00|||30,17||
|C190|000|5152|17,00|1005,64|1005,64|170,96|0|0|0|0||
|C100|1|0|800008026|01|00|U|0069255||21062011|21062011|3193,13|0|||3193,13|9||||2924,39|497,15||||||||
|C170|1|030960||1,00000|UN|467,88||0|000|5152||467,88|17,00|79,54|0||0|||||||01|467,88|0,65|||3,04|01|467,88|3,00|||14,04||
|C170|2|031263||3,00000|UN|897,90||0|000|5152||897,90|17,00|152,64|0||0|||||||01|897,90|0,65|||5,84|01|897,90|3,00|||26,94||
|C170|3|180263||5,00000|UN|726,00||0|000|5152||726,00|17,00|123,42|0||0|||||||01|726,00|0,65|||4,72|01|726,00|3,00|||21,78||
|C170|4|180900||2,00000|UN|268,74||0|041|5152|||||0||0|||||||01|268,74|0,65|||1,75|01|268,74|3,00|||8,06||
|C170|5|040173||1,00000|UN|621,61||0|000|5152||621,61|17,00|105,67|0||0|||||||01|621,61|0,65|||4,04|01|621,61|3,00|||18,65||
|C170|6|180540||1,00000|UN|211,00||0|000|5152||211,00|17,00|35,87|0||0|||||||01|211,00|0,65|||1,37|01|211,00|3,00|||6,33||
|C190|000|5152|17,00|2924,39|2924,39|497,15|0|0|0|0||
|C190|041|5152||268,74|0|0|0|0|0|0||
|C100|1|0|800008026|01|00|U|0069257||21062011|21062011|639,06|0|||639,06|9||||639,06|108,64||||||||
|C170|1|180390||1,00000|UN|639,06||0|000|5152||639,06|17,00|108,64|0||0|||||||01|639,06|0,65|||4,15|01|639,06|3,00|||19,17||
|C190|000|5152|17,00|639,06|639,06|108,64|0|0|0|0||
|C100|1|0|800008026|01|00|U|0069259||22062011|22062011|2435,69|0|||2435,69|9||||2435,69|414,07||||||||
|C170|1|030143||1,00000|UN|1102,99||0|000|5152||1102,99|17,00|187,51|0||0|||||||01|1102,99|0,65|||7,17|01|1102,99|3,00|||33,09||
|C170|2|040460||3,00000|UN|614,28||0|000|5152||614,28|17,00|104,43|0||0|||||||01|614,28|0,65|||3,99|01|614,28|3,00|||18,43||
|C170|3|050840||2,00000|UN|718,42||0|000|5152||718,42|17,00|122,13|0||0|||||||01|718,42|0,65|||4,67|01|718,42|3,00|||21,55||
|C190|000|5152|17,00|2435,69|2435,69|414,07|0|0|0|0||
|C100|1|0|800008026|01|00|U|0069261||24062011|24062011|953,26|0|||953,26|9||||953,26|162,05||||||||
|C170|1|040340||1,00000|UN|953,26||0|000|5152||953,26|17,00|162,05|0||0|||||||01|953,26|0,65|||6,20|01|953,26|3,00|||28,60||
|C190|000|5152|17,00|953,26|953,26|162,05|0|0|0|0||
|C100|1|0|800008026|01|00|U|0069219||09062011|09062011|72,82|0|||72,82|9||||72,82|12,38||||||||
|C170|1|105300||1,00000|UN|23,46||0|000|5152||23,46|17,00|3,99|0||0|||||||01|23,46|0,65|||0,15|01|23,46|3,00|||0,70||
|C170|2|903090||1,00000|UN|49,36||0|000|5152||49,36|17,00|8,39|0||0|||||||01|49,36|0,65|||0,32|01|49,36|3,00|||1,48||
|C190|000|5152|17,00|72,82|72,82|12,38|0|0|0|0||
|C100|1|0|800008026|01|00|U|0069221||09062011|09062011|2883,41|0|||2883,41|9||||2883,41|490,18||||||||
|C170|1|030083||1,00000|UN|1811,62||0|000|5152||1811,62|17,00|307,98|0||0|||||||01|1811,62|0,65|||11,78|01|1811,62|3,00|||54,35||
|C170|2|030460||1,00000|UN|816,27||0|000|5152||816,27|17,00|138,77|0||0|||||||01|816,27|0,65|||5,31|01|816,27|3,00|||24,49||
|C170|3|180260||1,00000|UN|170,03||0|000|5152||170,03|17,00|28,91|0||0|||||||01|170,03|0,65|||1,11|01|170,03|3,00|||5,10||
|C170|4|120080||1,00000|UN|85,49||0|000|5152||85,49|17,00|14,53|0||0|||||||01|85,49|0,65|||0,56|01|85,49|3,00|||2,56||
|C190|000|5152|17,00|2883,41|2883,41|490,18|0|0|0|0||
|C100|1|0|800008026|01|00|U|0069222||09062011|09062011|473,37|0|||473,37|9||||473,37|80,47||||||||
|C170|1|030433||1,00000|UN|473,37||0|000|5152||473,37|17,00|80,47|0||0|||||||01|473,37|0,65|||3,08|01|473,37|3,00|||14,20||
|C190|000|5152|17,00|473,37|473,37|80,47|0|0|0|0||
|C100|1|0|800008026|01|00|U|0069228||10062011|10062011|398,00|0|||398,00|9||||398,00|67,66||||||||
|C170|1|050553||1,00000|UN|398,00||0|000|5152||398,00|17,00|67,66|0||0|||||||01|398,00|0,65|||2,59|01|398,00|3,00|||11,94||
|C190|000|5152|17,00|398,00|398,00|67,66|0|0|0|0||
|C100|1|0|800008026|01|00|U|0069229||10062011|10062011|1159,95|0|||1159,95|9||||1159,95|197,19||||||||
|C170|1|030303||1,00000|UN|1159,95||0|000|5152||1159,95|17,00|197,19|0||0|||||||01|1159,95|0,65|||7,54|01|1159,95|3,00|||34,80||
|C190|000|5152|17,00|1159,95|1159,95|197,19|0|0|0|0||
|C100|1|0|800008026|01|00|U|0069232||10062011|10062011|1874,46|0|||1874,46|9||||1874,46|318,66||||||||
|C170|1|040053||1,00000|UN|745,95||0|000|5152||745,95|17,00|126,81|0||0|||||||01|745,95|0,65|||4,85|01|745,95|3,00|||22,38||
|C170|2|040423||1,00000|UN|471,65||0|000|5152||471,65|17,00|80,18|0||0|||||||01|471,65|0,65|||3,07|01|471,65|3,00|||14,15||
|C170|3|100030||1,00000|UN|318,40||0|000|5152||318,40|17,00|54,13|0||0|||||||01|318,40|0,65|||2,07|01|318,40|3,00|||9,55||
|C170|4|100200||1,00000|UN|248,31||0|000|5152||248,31|17,00|42,21|0||0|||||||01|248,31|0,65|||1,61|01|248,31|3,00|||7,45||
|C170|5|040550||1,00000|UN|90,15||0|000|5152||90,15|17,00|15,33|0||0|||||||01|90,15|0,65|||0,59|01|90,15|3,00|||2,70||
|C190|000|5152|17,00|1874,46|1874,46|318,66|0|0|0|0||
|C100|1|0|800008026|01|00|U|0069233||11062011|11062011|6373,81|0|||6373,81|9||||6373,81|1083,55||||||||
|C170|1|040280||2,00000|UN|1668,42||0|000|5152||1668,42|17,00|283,63|0||0|||||||01|1668,42|0,65|||10,84|01|1668,42|3,00|||50,05||
|C170|2|040290||2,00000|UN|1283,56||0|000|5152||1283,56|17,00|218,21|0||0|||||||01|1283,56|0,65|||8,34|01|1283,56|3,00|||38,51||
|C170|3|120080||10,00000|UN|854,90||0|000|5152||854,90|17,00|145,33|0||0|||||||01|854,90|0,65|||5,56|01|854,90|3,00|||25,65||
|C170|4|040520||2,00000|UN|1236,88||0|000|5152||1236,88|17,00|210,27|0||0|||||||01|1236,88|0,65|||8,04|01|1236,88|3,00|||37,11||
|C170|5|270020||1,00000|UN|601,75||0|000|5152||601,75|17,00|102,30|0||0|||||||01|601,75|0,65|||3,91|01|601,75|3,00|||18,05||
|C170|6|270010||2,00000|UN|675,62||0|000|5152||675,62|17,00|114,86|0||0|||||||01|675,62|0,65|||4,39|01|675,62|3,00|||20,27||
|C170|7|502190||2,00000|UN|52,68||0|000|5152||52,68|17,00|8,96|0||0|||||||01|52,68|0,65|||0,34|01|52,68|3,00|||1,58||
|C190|000|5152|17,00|6373,81|6373,81|1083,55|0|0|0|0||
|C100|1|0|800008026|01|00|U|0069234||11062011|11062011|1403,09|0|||1403,09|9||||1403,09|238,53||||||||
|C170|1|030760||1,00000|UN|674,92||0|000|5152||674,92|17,00|114,74|0||0|||||||01|674,92|0,65|||4,39|01|674,92|3,00|||20,25||
|C170|2|030770||1,00000|UN|728,17||0|000|5152||728,17|17,00|123,79|0||0|||||||01|728,17|0,65|||4,73|01|728,17|3,00|||21,85||
|C190|000|5152|17,00|1403,09|1403,09|238,53|0|0|0|0||
|C100|1|0|800008026|01|00|U|0069238||14062011|14062011|925,77|0|||925,77|9||||925,77|157,38||||||||
|C170|1|030393||1,00000|UN|925,77||0|000|5152||925,77|17,00|157,38|0||0|||||||01|925,77|0,65|||6,02|01|925,77|3,00|||27,77||
|C190|000|5152|17,00|925,77|925,77|157,38|0|0|0|0||
|C100|1|0|800008026|01|00|U|0069242||15062011|15062011|1486,54|0|||1486,54|9||||1486,54|252,71||||||||
|C170|1|030760||1,00000|UN|674,92||0|000|5152||674,92|17,00|114,74|0||0|||||||01|674,92|0,65|||4,39|01|674,92|3,00|||20,25||
|C170|2|200210||3,00000|UN|811,62||0|000|5152||811,62|17,00|137,98|0||0|||||||01|811,62|0,65|||5,28|01|811,62|3,00|||24,35||
|C190|000|5152|17,00|1486,54|1486,54|252,71|0|0|0|0||
|C100|1|0|800008026|01|00|U|0069247||17062011|17062011|638,06|0|||638,06|9||||196,40|33,39||||||||
|C170|1|180920||5,00000|UN|196,40||0|000|5152||196,40|17,00|33,39|0||0|||||||01|196,40|0,65|||1,28|01|196,40|3,00|||5,89||
|C170|2|940450||2,00000|UN|155,76||0|041|5152|||||0||0|||||||01|155,76|0,65|||1,01|01|155,76|3,00|||4,67||
|C170|3|940460||2,00000|UN|285,90||0|041|5152|||||0||0|||||||01|285,90|0,65|||1,86|01|285,90|3,00|||8,58||
|C190|000|5152|17,00|196,40|196,40|33,39|0|0|0|0||
|C190|041|5152||441,66|0|0|0|0|0|0||
|C100|1|0|800008026|01|00|U|0069195||01062011|01062011|9185,38|0|||9185,38|9||||9185,38|1561,51||||||||
|C170|1|031283||1,00000|UN|1190,73||0|000|5152||1190,73|17,00|202,42|0||0|||||||01|1190,73|0,65|||7,74|01|1190,73|3,00|||35,72||
|C170|2|051070||1,00000|UN|623,52||0|000|5152||623,52|17,00|106,00|0||0|||||||01|623,52|0,65|||4,05|01|623,52|3,00|||18,71||
|C170|3|051080||2,00000|UN|2423,04||0|000|5152||2423,04|17,00|411,92|0||0|||||||01|2423,04|0,65|||15,75|01|2423,04|3,00|||72,69||
|C170|4|950440||1,00000|UN|625,08||0|000|5152||625,08|17,00|106,26|0||0|||||||01|625,08|0,65|||4,06|01|625,08|3,00|||18,75||
|C170|5|180970||1,00000|UN|1883,27||0|000|5152||1883,27|17,00|320,16|0||0|||||||01|1883,27|0,65|||12,24|01|1883,27|3,00|||56,50||
|C170|6|180190||5,00000|UN|1793,20||0|000|5152||1793,20|17,00|304,84|0||0|||||||01|1793,20|0,65|||11,66|01|1793,20|3,00|||53,80||
|C170|7|950490||2,00000|UN|646,54||0|000|5152||646,54|17,00|109,91|0||0|||||||01|646,54|0,65|||4,20|01|646,54|3,00|||19,40||
|C190|000|5152|17,00|9185,38|9185,38|1561,51|0|0|0|0||
|C100|1|0|800008026|01|00|U|0069196||01062011|01062011|368,28|0|||368,28|9||||368,28|62,61||||||||
|C170|1|501110||2,00000|UN|289,54||0|000|5152||289,54|17,00|49,22|0||0|||||||01|289,54|0,65|||1,88|01|289,54|3,00|||8,69||
|C170|2|902511||2,00000|UN|78,74||0|000|5152||78,74|17,00|13,39|0||0|||||||01|78,74|0,65|||0,51|01|78,74|3,00|||2,36||
|C190|000|5152|17,00|368,28|368,28|62,61|0|0|0|0||
|C100|1|0|800008026|01|00|U|0069197||01062011|01062011|2032,04|0|||2032,04|9||||2032,04|345,45||||||||
|C170|1|180213||1,00000|UN|250,36||0|000|5152||250,36|17,00|42,56|0||0|||||||01|250,36|0,65|||1,63|01|250,36|3,00|||7,51||
|C170|2|200150||1,00000|UN|1781,68||0|000|5152||1781,68|17,00|302,89|0||0|||||||01|1781,68|0,65|||11,58|01|1781,68|3,00|||53,45||
|C190|000|5152|17,00|2032,04|2032,04|345,45|0|0|0|0||
|C100|1|0|800008026|01|00|U|0069199||02062011|02062011|122,47|0|||122,47|9||||122,47|20,82||||||||
|C170|1|105080||1,00000|UN|122,47||0|000|5152||122,47|17,00|20,82|0||0|||||||01|122,47|0,65|||0,80|01|122,47|3,00|||3,67||
|C190|000|5152|17,00|122,47|122,47|20,82|0|0|0|0||
|C100|1|0|800008026|01|00|U|0069201||03062011|03062011|3990,92|0|||3990,92|9||||3990,82|678,44||||||||
|C170|1|030013||1,00000|UN|1199,95||0|000|5152||1199,85|17,00|203,97|0||0|||||||01|1199,95|0,65|||7,80|01|1199,95|3,00|||36,00||
|C170|2|031140||1,00000|UN|1136,45||0|000|5152||1136,45|17,00|193,20|0||0|||||||01|1136,45|0,65|||7,39|01|1136,45|3,00|||34,09||
|C170|3|180540||2,00000|UN|422,00||0|000|5152||422,00|17,00|71,74|0||0|||||||01|422,00|0,65|||2,74|01|422,00|3,00|||12,66||
|C170|4|290200||5,00000|UN|304,95||0|000|5152||304,95|17,00|51,84|0||0|||||||01|304,95|0,65|||1,98|01|304,95|3,00|||9,15||
|C170|5|290250||3,00000|UN|216,99||0|000|5152||216,99|17,00|36,89|0||0|||||||01|216,99|0,65|||1,41|01|216,99|3,00|||6,51||
|C170|6|150420||10,00000|UN|606,00||0|000|5152||606,00|17,00|103,02|0||0|||||||01|606,00|0,65|||3,94|01|606,00|3,00|||18,18||
|C170|7|650200||6,00000|UN|104,58||0|000|5152||104,58|17,00|17,78|0||0|||||||01|104,58|0,65|||0,68|01|104,58|3,00|||3,14||
|C190|000|5152|17,00|3990,92|3990,82|678,44|0|0|0|0||
|C100|1|0|800008026|01|00|U|0069202||03062011|03062011|1279,20|0|||1279,20|9||||1279,20|217,46||||||||
|C170|1|040520||2,00000|UN|1236,88||0|000|5152||1236,88|17,00|210,27|0||0|||||||01|1236,88|0,65|||8,04|01|1236,88|3,00|||37,11||
|C170|2|900362||2,00000|UN|42,32||0|000|5152||42,32|17,00|7,19|0||0|||||||01|42,32|0,65|||0,28|01|42,32|3,00|||1,27||
|C190|000|5152|17,00|1279,20|1279,20|217,46|0|0|0|0||
|C100|1|0|800008052|01|00|U|0069208||06062011|06062011|5389,00|0|||5389,00|9||||0|0||||||||
|C170|1|030100||1,00000|UN|2890,00||0|041|5949|||||0||0|||||||99||||||99|||||||
|C170|2|030830||1,00000|UN|2499,00||0|041|5949|||||0||0|||||||99||||||99|||||||
|C190|041|5949||5389,00|0|0|0|0|0|0||
|C100|1|0|800007141|01|00|U|0069279||29062011|29062011|2555,00|0|||2555,00|9||||0|0||||||||
|C170|1|030770||1,00000|UN|1230,00||0|041|5949|||||0||0|||||||99||||||99|||||||
|C170|2|051110||1,00000|UN|1325,00||0|041|5949|||||0||0|||||||99||||||99|||||||
|C190|041|5949||2555,00|0|0|0|0|0|0||
|C100|1|0|800008053|01|00|U|0069223||09062011|09062011|599,00|0|||599,00|9||||0|0||||||||
|C170|1|950380||1,00000|UN|599,00||0|041|5949|||||0||0|||||||99||||||99|||||||
|C190|041|5949||599,00|0|0|0|0|0|0||
|C100|1|0|800007143|01|00|U|0069246||16062011|16062011|379,00|0|||379,00|9||||0|0||||||||
|C170|1|040360||1,00000|UN|379,00||0|041|5949|||||0||0|||||||99||||||99|||||||
|C190|041|5949||379,00|0|0|0|0|0|0||
|C100|1|0|800006994|01|00|U|0069224||09062011|09062011|1169,00|0|||1169,00|9||||0|0||||||||
|C170|1|040013||1,00000|UN|1169,00||0|041|5949|||||0||0|||||||99||||||99|||||||
|C190|041|5949||1169,00|0|0|0|0|0|0||
|C100|1|0|800006994|01|00|U|0069216||08062011|08062011|758,00|0|||758,00|9||||0|0||||||||
|C170|1|100200||2,00000|UN|758,00||0|041|5949|||||0||0|||||||99||||||99|||||||
|C190|041|5949||758,00|0|0|0|0|0|0||
|C100|1|0|800006994|01|00|U|0069272||28062011|28062011|370,00|0|||370,00|9||||0|0||||||||
|C170|1|100200||1,00000|UN|370,00||0|041|5949|||||0||0|||||||99||||||99|||||||
|C190|041|5949||370,00|0|0|0|0|0|0||
|C100|1|0|800006994|01|00|U|0069274||28062011|28062011|1299,00|0|||1299,00|9||||0|0||||||||
|C170|1|031130||1,00000|UN|1299,00||0|041|5949|||||0||0|||||||99||||||99|||||||
|C190|041|5949||1299,00|0|0|0|0|0|0||
|C100|1|0|800006994|01|00|U|0069213||07062011|07062011|502,82|0|||502,82|9||||0|0||||||||
|C170|1|060230||1,00000|UN|502,82||0|041|5915|||||0||0|||||||99||||||99|||||||
|C190|041|5915||502,82|0|0|0|0|0|0||
|C100|1|0|800006994|01|00|U|0069203||03062011|03062011|1005,64|0|||1005,64|9||||0|0||||||||
|C170|1|060230||2,00000|UN|1005,64||0|041|5915|||||0||0|||||||99||||||99|||||||
|C190|041|5915||1005,64|0|0|0|0|0|0||
|C100|1|0|800007133|01|00|U|0069212||07062011|07062011|329,00|0|||329,00|9||||0|0||||||||
|C170|1|060170||1,00000|UN|329,00||0|041|5949|||||0||0|||||||99||||||99|||||||
|C190|041|5949||329,00|0|0|0|0|0|0||
|C100|1|0|800007131|01|00|U|0069215||07062011|07062011|367,00|0|||367,00|9||||0|0||||||||
|C170|1|100210||1,00000|UN|367,00||0|041|5949|||||0||0|||||||99||||||99|||||||
|C190|041|5949||367,00|0|0|0|0|0|0||
|C100|1|0|800008028|01|00|U|0069282||29062011|29062011|968,39|0|||931,15|9||||931,15|65,18||||||||
|C170|1|031020||1,00000|UN|931,15||0|000|6202||931,15|7,00|65,18|0||0|||||||01|931,15|0,65|||6,05|01|931,15|3,00|||27,93||
|C190|000|6202|7,00|968,39|931,15|65,18|0|0|0|0||
|C100|1|0|800007080|01|00|U|0069251||18062011|18062011|547,17|0|||475,80|9||||475,80|33,31||||||||
|C170|1|812420||4,00000|UN|475,80||0|000|6202||475,80|7,00|33,31|0||0|||||||01|475,80|0,65|||3,09|01|475,80|3,00|||14,27||
|C190|000|6202|7,00|547,17|475,80|33,31|0|0|0|0||
|C100|0|1|800008026|01|00|1|0008706||20062011|20062011|524,31|0|||524,31|9||||524,31|89,13||||||||
|C170|1|040440||1,00000|UN|261,15||0|000|1152||261,15|17,00|44,40|0||0||||||||||||||||||||
|C170|2|760310||1,00000|UN|163,56||0|000|1152||163,56|17,00|27,81|0||0||||||||||||||||||||
|C170|3|813663||1,00000|UN|53,83||0|000|1152||53,83|17,00|9,15|0||0||||||||||||||||||||
|C170|4|900421||1,00000|UN|24,77||0|000|1152||24,77|17,00|4,21|0||0||||||||||||||||||||
|C170|5|900283||2,00000|UN|21,00||0|000|1152||21,00|17,00|3,57|0||0||||||||||||||||||||
|C190|000|1152|17,00|524,31|524,31|89,13|0|0|0|0||
|C100|0|1|800008026|01|00|1|0008708||20062011|20062011|147,90|0|||147,90|9||||147,90|25,14||||||||
|C170|1|330030||1,00000|UN|75,98||0|000|1152||75,98|17,00|12,92|0||0||||||||||||||||||||
|C170|2|902511||1,00000|UN|39,37||0|000|1152||39,37|17,00|6,69|0||0||||||||||||||||||||
|C170|3|910782||1,00000|UN|32,55||0|000|1152||32,55|17,00|5,53|0||0||||||||||||||||||||
|C190|000|1152|17,00|147,90|147,90|25,14|0|0|0|0||
|C100|0|1|800008026|01|00|1|0008710||20062011|20062011|90,38|0|||90,38|9||||90,38|15,36||||||||
|C170|1|120130||1,00000|UN|30,38||0|000|1152||30,38|17,00|5,16|0||0||||||||||||||||||||
|C170|2|150070||1,00000|UN|33,66||0|000|1152||33,66|17,00|5,72|0||0||||||||||||||||||||
|C170|3|502190||1,00000|UN|26,34||0|000|1152||26,34|17,00|4,48|0||0||||||||||||||||||||
|C190|000|1152|17,00|90,38|90,38|15,36|0|0|0|0||
|C100|0|1|800008026|01|00|1|0008711||21062011|21062011|1437,44|0|||1437,44|9||||1437,44|244,36||||||||
|C170|1|030940||1,00000|UN|993,60||0|000|1152||993,60|17,00|168,91|0||0||||||||||||||||||||
|C170|2|040470||2,00000|UN|443,84||0|000|1152||443,84|17,00|75,45|0||0||||||||||||||||||||
|C190|000|1152|17,00|1437,44|1437,44|244,36|0|0|0|0||
|C100|0|1|800008026|01|00|1|0008713||21062011|21062011|30,38|0|||30,38|9||||30,38|5,16||||||||
|C170|1|120130||1,00000|UN|30,38||0|000|1152||30,38|17,00|5,16|0||0||||||||||||||||||||
|C190|000|1152|17,00|30,38|30,38|5,16|0|0|0|0||
|C100|0|1|800008026|01|00|1|0008714||22062011|22062011|365,45|0|||365,45|9||||365,45|62,13||||||||
|C170|1|040470||1,00000|UN|221,92||0|000|1152||221,92|17,00|37,73|0||0||||||||||||||||||||
|C170|2|670890||4,00000|UN|64,00||0|000|1152||64,00|17,00|10,88|0||0||||||||||||||||||||
|C170|3|890240||1,00000|UN|79,53||0|000|1152||79,53|17,00|13,52|0||0||||||||||||||||||||
|C190|000|1152|17,00|365,45|365,45|62,13|0|0|0|0||
|C100|0|1|800008026|01|00|1|0008716||22062011|22062011|434,03|0|||434,03|9||||434,03|73,79||||||||
|C170|1|180253||1,00000|UN|186,02||0|000|1152||186,02|17,00|31,62|0||0||||||||||||||||||||
|C170|2|290220||1,00000|UN|48,59||0|000|1152||48,59|17,00|8,26|0||0||||||||||||||||||||
|C170|3|330130||1,00000|UN|131,09||0|000|1152||131,09|17,00|22,29|0||0||||||||||||||||||||
|C170|4|500170||1,00000|UN|68,33||0|000|1152||68,33|17,00|11,62|0||0||||||||||||||||||||
|C190|000|1152|17,00|434,03|434,03|73,79|0|0|0|0||
|C100|0|1|800008026|01|00|1|0008720||22062011|22062011|718,79|0|||718,79|9||||718,79|122,19||||||||
|C170|1|100210||1,00000|UN|232,47||0|000|1152||232,47|17,00|39,52|0||0||||||||||||||||||||
|C170|2|105301||1,00000|UN|35,98||0|000|1152||35,98|17,00|6,12|0||0||||||||||||||||||||
|C170|3|180290||1,00000|UN|69,22||0|000|1152||69,22|17,00|11,77|0||0||||||||||||||||||||
|C170|4|330090||1,00000|UN|68,33||0|000|1152||68,33|17,00|11,62|0||0||||||||||||||||||||
|C170|5|330050||1,00000|UN|27,29||0|000|1152||27,29|17,00|4,64|0||0||||||||||||||||||||
|C170|6|200520||1,00000|UN|97,65||0|000|1152||97,65|17,00|16,60|0||0||||||||||||||||||||
|C170|7|812560||1,00000|UN|22,72||0|000|1152||22,72|17,00|3,86|0||0||||||||||||||||||||
|C170|8|680480||1,00000|UN|31,90||0|000|1152||31,90|17,00|5,42|0||0||||||||||||||||||||
|C170|9|901290||1,00000|UN|18,54||0|000|1152||18,54|17,00|3,15|0||0||||||||||||||||||||
|C170|10|502200||1,00000|UN|27,66||0|000|1152||27,66|17,00|4,70|0||0||||||||||||||||||||
|C170|11|910730||1,00000|UN|14,93||0|000|1152||14,93|17,00|2,54|0||0||||||||||||||||||||
|C170|12|910710||1,00000|UN|2,99||0|000|1152||2,99|17,00|0,51|0||0||||||||||||||||||||
|C170|13|902511||1,00000|UN|39,37||0|000|1152||39,37|17,00|6,69|0||0||||||||||||||||||||
|C170|14|660310||1,00000|UN|29,74||0|000|1152||29,74|17,00|5,06|0||0||||||||||||||||||||
|C190|000|1152|17,00|718,79|718,79|122,19|0|0|0|0||
|C100|0|1|800008026|01|00|1|0008721||22062011|22062011|239,22|0|||239,22|9||||239,22|40,67||||||||
|C170|1|120050||1,00000|UN|93,00||0|000|1152||93,00|17,00|15,81|0||0||||||||||||||||||||
|C170|2|520741||1,00000|UN|55,36||0|000|1152||55,36|17,00|9,41|0||0||||||||||||||||||||
|C170|3|950141||1,00000|UN|90,86||0|000|1152||90,86|17,00|15,45|0||0||||||||||||||||||||
|C190|000|1152|17,00|239,22|239,22|40,67|0|0|0|0||
|C100|0|1|800008026|01|00|1|0008723||22062011|22062011|32,55|0|||32,55|9||||32,55|5,53||||||||
|C170|1|910781||1,00000|UN|32,55||0|000|1152||32,55|17,00|5,53|0||0||||||||||||||||||||
|C190|000|1152|17,00|32,55|32,55|5,53|0|0|0|0||
|C100|0|1|800008026|01|00|1|0008724||24062011|24062011|145,20|0|||145,20|9||||145,20|24,68||||||||
|C170|1|180263||1,00000|UN|145,20||0|000|1152||145,20|17,00|24,68|0||0||||||||||||||||||||
|C190|000|1152|17,00|145,20|145,20|24,68|0|0|0|0||
|C100|0|1|800008026|01|00|1|0008726||24062011|24062011|32,79|0|||32,79|9||||32,79|5,57||||||||
|C170|1|500090||1,00000|UN|32,79||0|000|1152||32,79|17,00|5,57|0||0||||||||||||||||||||
|C190|000|1152|17,00|32,79|32,79|5,57|0|0|0|0||
|C100|0|1|800008026|01|00|1|0008728||24062011|24062011|158,15|0|||158,15|9||||158,15|26,89||||||||
|C170|1|120030||1,00000|UN|60,50||0|000|1152||60,50|17,00|10,29|0||0||||||||||||||||||||
|C170|2|200520||1,00000|UN|97,65||0|000|1152||97,65|17,00|16,60|0||0||||||||||||||||||||
|C190|000|1152|17,00|158,15|158,15|26,89|0|0|0|0||
|C100|0|1|800008026|01|00|1|0008730||24062011|24062011|150,77|0|||150,77|9||||150,77|25,63||||||||
|C170|1|180280||1,00000|UN|53,12||0|000|1152||53,12|17,00|9,03|0||0||||||||||||||||||||
|C170|2|200520||1,00000|UN|97,65||0|000|1152||97,65|17,00|16,60|0||0||||||||||||||||||||
|C190|000|1152|17,00|150,77|150,77|25,63|0|0|0|0||
|C100|0|1|800008026|01|00|1|0008731||25062011|25062011|402,96|0|||402,96|9||||60,60|10,30||||||||
|C170|1|150420||1,00000|UN|60,60||0|000|1152||60,60|17,00|10,30|0||0||||||||||||||||||||
|C170|2|180810||2,00000|UN|342,36||0|041|1152|||||0||0||||||||||||||||||||
|C190|000|1152|17,00|60,60|60,60|10,30|0|0|0|0||
|C190|041|1152||342,36|0|0|0|0|0|0||
|C100|0|1|800008026|01|00|1|0008732||28062011|28062011|748,32|0|||748,32|9||||748,32|127,21||||||||
|C170|1|150420||1,00000|UN|60,60||0|000|1152||60,60|17,00|10,30|0||0||||||||||||||||||||
|C170|2|270020||1,00000|UN|601,75||0|000|1152||601,75|17,00|102,30|0||0||||||||||||||||||||
|C170|3|890120||1,00000|UN|14,66||0|000|1152||14,66|17,00|2,49|0||0||||||||||||||||||||
|C170|4|810520||1,00000|UN|8,39||0|000|1152||8,39|17,00|1,43|0||0||||||||||||||||||||
|C170|5|890440||2,00000|UN|62,92||0|000|1152||62,92|17,00|10,70|0||0||||||||||||||||||||
|C190|000|1152|17,00|748,32|748,32|127,21|0|0|0|0||
|C100|0|1|800008026|01|00|1|0008734||28062011|28062011|58,47|0|||58,47|9||||58,47|9,94||||||||
|C170|1|701770||1,00000|UN|5,39||0|000|1152||5,39|17,00|0,92|0||0||||||||||||||||||||
|C170|2|902040||4,00000|UN|53,08||0|000|1152||53,08|17,00|9,02|0||0||||||||||||||||||||
|C190|000|1152|17,00|58,47|58,47|9,94|0|0|0|0||
|C100|0|1|800008026|01|00|1|0008735||29062011|29062011|145,20|0|||145,20|9||||145,20|24,68||||||||
|C170|1|180263||1,00000|UN|145,20||0|000|1152||145,20|17,00|24,68|0||0||||||||||||||||||||
|C190|000|1152|17,00|145,20|145,20|24,68|0|0|0|0||
|C100|0|1|800008026|01|00|1|0008736||29062011|29062011|145,20|0|||145,20|9||||145,20|24,68||||||||
|C170|1|180263||1,00000|UN|145,20||0|000|1152||145,20|17,00|24,68|0||0||||||||||||||||||||
|C190|000|1152|17,00|145,20|145,20|24,68|0|0|0|0||
|C100|0|1|800008026|01|00|1|0008737||30062011|30062011|334,34|0|||334,34|9||||334,34|56,84||||||||
|C170|1|150070||1,00000|UN|33,66||0|000|1152||33,66|17,00|5,72|0||0||||||||||||||||||||
|C170|2|180920||1,00000|UN|39,28||0|000|1152||39,28|17,00|6,68|0||0||||||||||||||||||||
|C170|3|890210||1,00000|UN|261,40||0|000|1152||261,40|17,00|44,44|0||0||||||||||||||||||||
|C190|000|1152|17,00|334,34|334,34|56,84|0|0|0|0||
|C100|0|0|800006977|01|00|U|0069254||20062011|20062011|1508,46|9|||1508,46|9||||0|0||||||||
|C170|1|060230||3,00000|UN|1508,46||0|041|1915|||||0||0||||||||||||||||||||
|C190|041|1915||1508,46|0|0|0|0|0|0||
|C100|0|1|800006983|55|00|1|000038609|26110559105999006036550010000386091702929479|27052011|21062011|5385,11|1|||4682,70|1||||4682,70|561,92||||||||
|C170|1|030113||3,00000|PC|4682,70||0|000|2102||4682,70|12,00|561,92|0||0||||||||||||||||||||
|C190|000|2102|12,00|5385,11|4682,70|561,92|0|0|0|0||
|C100|0|1|800008028|55|00|1|000352177|35110659105999000348550010003521771991055294|03062011|29062011|11299,56|1|||9416,30|1||||9416,30|659,14||||||||
|C170|1|030333||10,00000|PC|9416,30||0|000|2102||9416,30|7,00|659,14|0||0||||||||||||||||||||
|C190|000|2102|7,00|11299,56|9416,30|659,14|0|0|0|0||
|C100|0|1|800008028|55|00|1|000352179|35110659105999000348550010003521791268583869|03062011|29062011|4392,49|1|||4078,27|1||||4078,27|285,48||||||||
|C170|1|030910||5,00000|PC|2704,75||0|000|2102||2704,75|7,00|189,33|0||0||||||||||||||||||||
|C170|2|031120||3,00000|PC|1373,52||0|000|2102||1373,52|7,00|96,15|0||0||||||||||||||||||||
|C190|000|2102|7,00|4392,49|4078,27|285,48|0|0|0|0||
|C100|0|1|800008028|55|00|1|000352180|35110659105999000348550010003521801962268884|03062011|29062011|8681,81|1|||8319,28|1||||8319,28|582,35||||||||
|C170|1|031190||5,00000|PC|2976,25||0|000|2102||2976,25|7,00|208,34|0||0||||||||||||||||||||
|C170|2|031030||7,00000|PC|5343,03||0|000|2102||5343,03|7,00|374,01|0||0||||||||||||||||||||
|C190|000|2102|7,00|8681,81|8319,28|582,35|0|0|0|0||
|C100|0|1|800008028|55|00|1|000352181|35110659105999000348550010003521811658213193|03062011|29062011|1853,33|1|||1782,05|1||||1782,05|124,74||||||||
|C170|1|030900||5,00000|PC|1782,05||0|000|2102||1782,05|7,00|124,74|0||0||||||||||||||||||||
|C190|000|2102|7,00|1853,33|1782,05|124,74|0|0|0|0||
|C100|0|1|800008028|55|00|1|000356687|35110659105999000348550010003566871196373780|11062011|30062011|5469,46|1|||5259,10|1||||5259,10|368,14||||||||
|C170|1|031160||5,00000|PC|5259,10||0|000|2102||5259,10|7,00|368,14|0||0||||||||||||||||||||
|C190|000|2102|7,00|5469,46|5259,10|368,14|0|0|0|0||
|C100|0|1|800008028|55|00|1|000356688|35110659105999000348550010003566881151440418|11062011|30062011|11038,86|1|||10513,20|1||||10513,20|735,92||||||||
|C170|1|031150||10,00000|PC|10513,20||0|000|2102||10513,20|7,00|735,92|0||0||||||||||||||||||||
|C190|000|2102|7,00|11038,86|10513,20|735,92|0|0|0|0||
|C100|0|1|800006990|55|00|2|000032584|13110604403408000165550020000325841590353342|02062011|18062011|43215,30|1|||43215,30|1||||43215,30|5185,84||||||||
|C170|1|180790||10,00000|PEC|12107,60||0|000|2102||12107,60|12,00|1452,91|0||0||||||||||||||||||||
|C170|2|DMP-BD65LB-K||10,00000|PEC|3325,20||0|000|2102||3325,20|12,00|399,02|0||0||||||||||||||||||||
|C170|3|180203||30,00000|PEC|8158,50||0|000|2102||8158,50|12,00|979,02|0||0||||||||||||||||||||
|C170|4|180273||50,00000|PEC|10872,00||0|000|2102||10872,00|12,00|1304,64|0||0||||||||||||||||||||
|C170|5|180270||50,00000|PEC|8752,00||0|000|2102||8752,00|12,00|1050,24|0||0||||||||||||||||||||
|C190|000|2102|12,00|43215,30|43215,30|5185,84|0|0|0|0||
|C100|0|1|800006992|55|00|1|000079642|35110604403408000912550010000796421596668242|02062011|13062011|6217,14|1|||5651,94|1||||5651,94|395,64||||||||
|C170|1|180580||6,00000|PEC|1216,08||0|000|2102||1216,08|7,00|85,13|0||0||||||||||||||||||||
|C170|2|180590||6,00000|PEC|872,16||0|000|2102||872,16|7,00|61,05|0||0||||||||||||||||||||
|C170|3|180290||30,00000|PEC|2016,30||0|000|2102||2016,30|7,00|141,14|0||0||||||||||||||||||||
|C170|4|180280||30,00000|PEC|1547,40||0|000|2102||1547,40|7,00|108,32|0||0||||||||||||||||||||
|C190|000|2102|7,00|6217,14|5651,94|395,64|0|0|0|0||
|C100|0|1|800006990|55|00|2|000032586|13110604403408000165550020000325861590416020|02062011|18062011|2621,94|1|||2621,94|1||||2621,94|314,63||||||||
|C170|1|180790||2,00000|PEC|1937,22||0|000|2102||1937,22|12,00|232,47|0||0||||||||||||||||||||
|C170|2|180273||2,00000|PEC|369,64||0|000|2102||369,64|12,00|44,36|0||0||||||||||||||||||||
|C170|3|180270||2,00000|PEC|315,08||0|000|2102||315,08|12,00|37,81|0||0||||||||||||||||||||
|C190|000|2102|12,00|2621,94|2621,94|314,63|0|0|0|0||
|C100|0|1|800006990|55|00|2|000032585|13110604403408000165550020000325851590384687|02062011|17062011|725,28|1|||725,28|1||||725,28|87,03||||||||
|C170|1|180320||12,00000|PEC|362,64||0|000|2102||362,64|12,00|43,52|0||0||||||||||||||||||||
|C170|2|180320||12,00000|PEC|362,64||0|000|2102||362,64|12,00|43,52|0||0||||||||||||||||||||
|C190|000|2102|12,00|725,28|725,28|87,03|0|0|0|0||
|C100|0|1|800006990|55|00|2|000032651|13110604403408000165550020000326511042279664|03062011|17062011|7619,40|1|||7619,40|1||||7619,40|914,33||||||||
|C170|1|180243||20,00000|PEC|7619,40||0|000|2102||7619,40|12,00|914,33|0||0||||||||||||||||||||
|C190|000|2102|12,00|7619,40|7619,40|914,33|0|0|0|0||
|C100|0|1|800007077|55|00|2|000018300|35110643854116006484550020000183001002018826|06062011|17062011|17597,70|1|||17597,70|9||||17597,70|1231,84||||||||
|C170|1|200040||15,00000|PC|17597,70||0|000|2923||17597,70|7,00|1231,84|0||0||||||||||||||||||||
|C190|000|2923|7,00|17597,70|17597,70|1231,84|0|0|0|0||
|C100|0|1|800007078|55|00|37|000025883|13110661086336001851550370000258831696661098|06062011|16062011|17597,70|1|||17597,70|1||||0|0||||||||
|C170|1|200040||15,00000|PC|17597,70||0|041|2102|||||0||0||||||||||||||||||||
|C190|041|2102||17597,70|0|0|0|0|0|0||
|C100|0|1|800007144|55|00|1|000002999|35110510227217000192550010000029991004111741|27052011|16062011|821,42|1|||737,05|1||||737,05|51,59||||||||
|C170|1|160180||4,00000|PC|203,56||0|000|2102||203,56|7,00|14,25|0||0||||||||||||||||||||
|C170|2|160130||3,00000|PC|533,49||0|000|2102||533,49|7,00|37,34|0||0||||||||||||||||||||
|C190|000|2102|7,00|821,42|737,05|51,59|0|0|0|0||
|C100|0|1|800007144|55|00|1|000001732|35110110227217000192550010000017329999982675|27012011|16062011|1894,08|1|||1699,12|1||||1699,12|118,94||||||||
|C170|1|160110||4,00000|PC|601,40||0|000|2102||601,40|7,00|42,10|0||0||||||||||||||||||||
|C170|2|160170||4,00000|PC|446,60||0|000|2102||446,60|7,00|31,26|0||0||||||||||||||||||||
|C170|3|160130||1,00000|PC|256,56||0|000|2102||256,56|7,00|17,96|0||0||||||||||||||||||||
|C170|4|160140||4,00000|PC|394,56||0|000|2102||394,56|7,00|27,62|0||0||||||||||||||||||||
|C190|000|2102|7,00|1894,08|1699,12|118,94|0|0|0|0||
|C100|0|1|800007037|55|00|1|000084461|31110620520367000224550010000844611000838373|02062011|20062011|17622,99|1|||16188,23|1||||16188,23|1133,18||||||||
|C170|1|290033||15,00000|UN|1657,35||0|000|2102||1657,35|7,00|116,01|0||0||||||||||||||||||||
|C170|2|290053||15,00000|UN|1828,20||0|000|2102||1828,20|7,00|127,97|0||0||||||||||||||||||||
|C170|3|290170||4,00000|UN|2327,32||0|000|2102||2327,32|7,00|162,91|0||0||||||||||||||||||||
|C170|4|290200||18,00000|UN|981,54||0|000|2102||981,54|7,00|68,71|0||0||||||||||||||||||||
|C170|5|290210||12,00000|UN|1999,92||0|000|2102||1999,92|7,00|139,99|0||0||||||||||||||||||||
|C170|6|290060||20,00000|UN|2600,00||0|000|2102||2600,00|7,00|182,00|0||0||||||||||||||||||||
|C170|7|290260||10,00000|UN|242,80||0|000|2102||242,80|7,00|17,00|0||0||||||||||||||||||||
|C170|8|290220||18,00000|UN|815,40||0|000|2102||815,40|7,00|57,08|0||0||||||||||||||||||||
|C170|9|290270||10,00000|UN|384,90||0|000|2102||384,90|7,00|26,94|0||0||||||||||||||||||||
|C170|10|290340||12,00000|UN|339,00||0|000|2102||339,00|7,00|23,73|0||0||||||||||||||||||||
|C170|11|290280||12,00000|UN|769,20||0|000|2102||769,20|7,00|53,84|0||0||||||||||||||||||||
|C170|12|290290||12,00000|UN|662,76||0|000|2102||662,76|7,00|46,39|0||0||||||||||||||||||||
|C170|13|290300||12,00000|UN|847,68||0|000|2102||847,68|7,00|59,34|0||0||||||||||||||||||||
|C170|14|290190||18,00000|UN|489,60||0|000|2102||489,60|7,00|34,27|0||0||||||||||||||||||||
|C170|15|290230||4,00000|UN|242,56||0|000|2102||242,56|7,00|16,98|0||0||||||||||||||||||||
|C190|000|2102|7,00|17622,99|16188,23|1133,18|0|0|0|0||
|C100|0|1|800007037|55|00|1|000084462|31110620520367000224550010000844621000838389|02062011|02062011|369,96|9|||330,32|1||||330,32|23,12||||||||
|C170|1|290350||4,00000|UN|330,32||0|000|2910||330,32|7,00|23,12|0||0||||||||||||||||||||
|C190|000|2910|7,00|369,96|330,32|23,12|0|0|0|0||
|C100|0|1|800007132|55|00|1|000013271|35110655064661000172550010000132711888239750|02062011|30062011|2755,45|9|||2624,23|9||||2624,23|183,70||||||||
|C170|1|25.07.21.025||12,00000|UN|212,52||0|000|2102||212,52|7,00|14,88|0||0||||||||||||||||||||
|C170|2|25.05.09.006||12,00000|UN|33,00||0|000|2102||33,00|7,00|2,31|0||0||||||||||||||||||||
|C170|3|25.05.09.076||12,00000|UN|403,20||0|000|2102||403,20|7,00|28,22|0||0||||||||||||||||||||
|C170|4|25.07.23.131||15,00000|UN|1237,05||0|000|2102||1237,05|7,00|86,59|0||0||||||||||||||||||||
|C170|5|25.07.21.185||8,00000|UN|193,52||0|000|2102||193,52|7,00|13,55|0||0||||||||||||||||||||
|C170|6|25.07.21.060||7,00000|UN|478,94||0|000|2102||478,94|7,00|33,53|0||0||||||||||||||||||||
|C170|7|25.05.09.023||8,00000|UN|66,00||0|000|2102||66,00|7,00|4,62|0||0||||||||||||||||||||
|C190|000|2102|7,00|2755,45|2624,23|183,70|0|0|0|0||
|C100|0|1|800006974|55|00|1|000195933|23110602948030000230550010001959331011959330|27062011|27062011|4534,61|1|||4360,20|1||||4360,20|741,23||||||||
|C170|1|100063||20,00000|UD|4360,20||0|000|1102||4360,20|17,00|741,23|0||0||||||||||||||||||||
|C190|000|1102|17,00|4534,61|4360,20|741,23|0|0|0|0||
|C100|0|1|800006974|55|00|1|000195932|23110602948030000230550010001959321011959324|27062011|30062011|6456,06|1|||6207,75|1||||6207,75|1055,32||||||||
|C170|1|100030||10,00000|UD|3659,80||0|000|1102||3659,80|17,00|622,17|0||0||||||||||||||||||||
|C170|2|100040||5,00000|UD|2547,95||0|000|1102||2547,95|17,00|433,15|0||0||||||||||||||||||||
|C190|000|1102|17,00|6456,06|6207,75|1055,32|0|0|0|0||
|C100|0|1|800007130|55|00|1|000007662|31110603980282000129550010000076621004411168|16062011|30062011|4678,06|1|||4240,56|1|112,00|||4352,56|304,68||||||||
|C170|1|700451||4,00000|UN|46,92||0|000|2102||48,16|7,00|3,37|0||0||||||||||||||||||||
|C170|2|701620||6,00000|UN|93,66||0|000|2102||96,13|7,00|6,73|0||0||||||||||||||||||||
|C170|3|701630||6,00000|UN|108,42||0|000|2102||111,29|7,00|7,79|0||0||||||||||||||||||||
|C170|4|701390||6,00000|UN|47,10||0|000|2102||48,34|7,00|3,38|0||0||||||||||||||||||||
|C170|5|701420||24,00000|UN|177,12||0|000|2102||181,80|7,00|12,73|0||0||||||||||||||||||||
|C170|6|701750||8,00000|UN|127,12||0|000|2102||130,48|7,00|9,13|0||0||||||||||||||||||||
|C170|7|701410||9,00000|UN|78,39||0|000|2102||80,46|7,00|5,63|0||0||||||||||||||||||||
|C170|8|700480||6,00000|UN|74,94||0|000|2102||76,92|7,00|5,38|0||0||||||||||||||||||||
|C170|9|701730||3,00000|UN|56,49||0|000|2102||57,98|7,00|4,06|0||0||||||||||||||||||||
|C170|10|701421||4,00000|UN|52,60||0|000|2102||53,99|7,00|3,78|0||0||||||||||||||||||||
|C170|11|701430||3,00000|UN|26,73||0|000|2102||27,43|7,00|1,92|0||0||||||||||||||||||||
|C170|12|701431||4,00000|UN|65,16||0|000|2102||66,88|7,00|4,68|0||0||||||||||||||||||||
|C170|13|701610||2,00000|UN|14,58||0|000|2102||14,97|7,00|1,05|0||0||||||||||||||||||||
|C170|14|701600||4,00000|UN|60,20||0|000|2102||61,79|7,00|4,33|0||0||||||||||||||||||||
|C170|15|701590||4,00000|UN|58,68||0|000|2102||60,23|7,00|4,22|0||0||||||||||||||||||||
|C170|16|700711||2,00000|UN|29,14||0|000|2102||29,91|7,00|2,09|0||0||||||||||||||||||||
|C170|17|700712||4,00000|UN|55,72||0|000|2102||57,19|7,00|4,00|0||0||||||||||||||||||||
|C170|18|700410||6,00000|UN|30,66||0|000|2102||31,47|7,00|2,20|0||0||||||||||||||||||||
|C170|19|701082||2,00000|UN|88,76||0|000|2102||91,10|7,00|6,38|0||0||||||||||||||||||||
|C170|20|701080||4,00000|UN|96,52||0|000|2102||99,07|7,00|6,93|0||0||||||||||||||||||||
|C170|21|701510||6,00000|UN|44,88||0|000|2102||46,07|7,00|3,22|0||0||||||||||||||||||||
|C170|22|700320||6,00000|UN|47,10||0|000|2102||48,34|7,00|3,38|0||0||||||||||||||||||||
|C170|23|701800||3,00000|UN|21,00||0|000|2102||21,56|7,00|1,51|0||0||||||||||||||||||||
|C170|24|700970||6,00000|UN|35,58||0|000|2102||36,52|7,00|2,56|0||0||||||||||||||||||||
|C170|25|702180||4,00000|UN|247,76||0|000|2102||254,30|7,00|17,80|0||0||||||||||||||||||||
|C170|26|702150||6,00000|UN|28,86||0|000|2102||29,62|7,00|2,07|0||0||||||||||||||||||||
|C170|27|700880||3,00000|UN|15,12||0|000|2102||15,52|7,00|1,09|0||0||||||||||||||||||||
|C170|28|702160||9,00000|UN|72,00||0|000|2102||73,90|7,00|5,17|0||0||||||||||||||||||||
|C170|29|700181||3,00000|UN|42,57||0|000|2102||43,70|7,00|3,06|0||0||||||||||||||||||||
|C170|30|702130||3,00000|UN|46,17||0|000|2102||47,39|7,00|3,32|0||0||||||||||||||||||||
|C170|31|702120||6,00000|UN|31,98||0|000|2102||32,82|7,00|2,30|0||0||||||||||||||||||||
|C170|32|701131||3,00000|UN|44,85||0|000|2102||46,04|7,00|3,22|0||0||||||||||||||||||||
|C170|33|701890||3,00000|UN|53,91||0|000|2102||55,33|7,00|3,87|0||0||||||||||||||||||||
|C170|34|701360||6,00000|UN|33,48||0|000|2102||34,37|7,00|2,41|0||0||||||||||||||||||||
|C170|35|701391||6,00000|UN|69,24||0|000|2102||71,06|7,00|4,97|0||0||||||||||||||||||||
|C170|36|701321||6,00000|UN|190,20||0|000|2102||195,23|7,00|13,67|0||0||||||||||||||||||||
|C170|37|700322||12,00000|UN|28,44||0|000|2102||29,19|7,00|2,04|0||0||||||||||||||||||||
|C170|38|701322||6,00000|UN|68,70||0|000|2102||70,51|7,00|4,94|0||0||||||||||||||||||||
|C170|39|701323||3,00000|UN|48,78||0|000|2102||50,07|7,00|3,50|0||0||||||||||||||||||||
|C170|40|700242||3,00000|UN|15,99||0|000|2102||16,41|7,00|1,15|0||0||||||||||||||||||||
|C170|41|701830||3,00000|UN|46,44||0|000|2102||47,67|7,00|3,34|0||0||||||||||||||||||||
|C170|42|670080||8,00000|UN|42,64||0|000|2102||43,77|7,00|3,06|0||0||||||||||||||||||||
|C170|43|701070||3,00000|UN|20,61||0|000|2102||21,15|7,00|1,48|0||0||||||||||||||||||||
|C170|44|701820||3,00000|UN|19,29||0|000|2102||19,80|7,00|1,39|0||0||||||||||||||||||||
|C170|45|701040||4,00000|UN|82,12||0|000|2102||84,29|7,00|5,90|0||0||||||||||||||||||||
|C170|46|701831||2,00000|UN|68,50||0|000|2102||70,31|7,00|4,92|0||0||||||||||||||||||||
|C170|47|701810||3,00000|UN|21,93||0|000|2102||22,51|7,00|1,58|0||0||||||||||||||||||||
|C170|48|701811||3,00000|UN|41,04||0|000|2102||42,12|7,00|2,95|0||0||||||||||||||||||||
|C170|49|702080||12,00000|UN|109,44||0|000|2102||112,33|7,00|7,86|0||0||||||||||||||||||||
|C170|50|700790||3,00000|UN|35,58||0|000|2102||36,52|7,00|2,56|0||0||||||||||||||||||||
|C170|51|700801||3,00000|UN|26,85||0|000|2102||27,56|7,00|1,93|0||0||||||||||||||||||||
|C170|52|701270||3,00000|UN|29,40||0|000|2102||30,18|7,00|2,11|0||0||||||||||||||||||||
|C170|53|701250||3,00000|UN|36,63||0|000|2102||37,59|7,00|2,63|0||0||||||||||||||||||||
|C170|54|701260||4,00000|UN|67,40||0|000|2102||69,18|7,00|4,84|0||0||||||||||||||||||||
|C170|55|701812||3,00000|UN|31,47||0|000|2102||32,31|7,00|2,26|0||0||||||||||||||||||||
|C170|56|701450||3,00000|UN|23,55||0|000|2102||24,17|7,00|1,69|0||0||||||||||||||||||||
|C170|57|700542||4,00000|UN|27,52||0|000|2102||28,24|7,00|1,98|0||0||||||||||||||||||||
|C170|58|700543||4,00000|UN|38,88||0|000|2102||39,91|7,00|2,79|0||0||||||||||||||||||||
|C170|59|700891||6,00000|UN|185,82||0|000|2102||190,73|7,00|13,35|0||0||||||||||||||||||||
|C170|60|700892||2,00000|UN|147,78||0|000|2102||151,68|7,00|10,62|0||0||||||||||||||||||||
|C170|61|700893||2,00000|UN|49,90||0|000|2102||51,22|7,00|3,59|0||0||||||||||||||||||||
|C170|62|700650||6,00000|UN|51,06||0|000|2102||52,41|7,00|3,67|0||0||||||||||||||||||||
|C170|63|700640||12,00000|UN|16,44||0|000|2102||16,87|7,00|1,18|0||0||||||||||||||||||||
|C170|64|702240||3,00000|UN|19,86||0|000|2102||20,39|7,00|1,43|0||0||||||||||||||||||||
|C170|65|700434||4,00000|UN|23,72||0|000|2102||24,34|7,00|1,70|0||0||||||||||||||||||||
|C170|66|700590||8,00000|UN|34,32||0|000|2102||35,23|7,00|2,47|0||0||||||||||||||||||||
|C170|67|702040||4,00000|UN|48,72||0|000|2102||50,01|7,00|3,50|0||0||||||||||||||||||||
|C170|68|700570||5,00000|UN|17,50||0|000|2102||17,96|7,00|1,26|0||0||||||||||||||||||||
|C170|69|700270||6,00000|UN|26,10||0|000|2102||26,79|7,00|1,88|0||0||||||||||||||||||||
|C170|70|700881||6,00000|UN|60,54||0|000|2102||62,14|7,00|4,35|0||0||||||||||||||||||||
|C170|71|700432||6,00000|UN|75,48||0|000|2102||77,47|7,00|5,42|0||0||||||||||||||||||||
|C170|72|701760||4,00000|UN|25,80||0|000|2102||26,48|7,00|1,85|0||0||||||||||||||||||||
|C170|73|700740||3,00000|UN|17,61||0|000|2102||18,08|7,00|1,27|0||0||||||||||||||||||||
|C170|74|700730||3,00000|UN|13,62||0|000|2102||13,98|7,00|0,98|0||0||||||||||||||||||||
|C170|75|700541||4,00000|UN|60,20||0|000|2102||61,79|7,00|4,33|0||0||||||||||||||||||||
|C170|76|700280||8,00000|UN|21,28||0|000|2102||21,84|7,00|1,53|0||0||||||||||||||||||||
|C190|000|2102|7,00|4678,06|4352,56|304,68|0|0|0|0||
|C100|0|1|800007130|55|00|1|000007661|31110603980282000129550010000076611005118882|16062011|30062011|68,13|9|||61,94|1||||61,94|4,34||||||||
|C170|1|702180||1,00000|UN|61,94||0|000|2102||61,94|7,00|4,34|0||0||||||||||||||||||||
|C190|000|2102|7,00|68,13|61,94|4,34|0|0|0|0||
|C100|0|1|800006986|55|00|1|000569788|42110659105999003959550010005697881229867002|06062011|14062011|5552,37|1|||4271,05|1||||4271,05|298,97||||||||
|C170|1|031260||5,00000|PC|1339,55||0|000|2102||1339,55|7,00|93,77|0||0||||||||||||||||||||
|C170|2|031110||10,00000|PC|2931,50||0|000|2102||2931,50|7,00|205,21|0||0||||||||||||||||||||
|C190|000|2102|7,00|5552,37|4271,05|298,97|0|0|0|0||
|C100|0|1|800006986|55|00|1|000569789|42110659105999003959550010005697891279132640|06062011|14062011|5504,02|1|||4786,10|1||||4786,10|335,03||||||||
|C170|1|040183||10,00000|PC|4786,10||0|000|2102||4786,10|7,00|335,03|0||0||||||||||||||||||||
|C190|000|2102|7,00|5504,02|4786,10|335,03|0|0|0|0||
|C100|0|1|800006986|55|00|1|000569790|42110659105999003959550010005697901905474850|06062011|14062011|2962,74|1|||2693,40|1||||2693,40|188,54||||||||
|C170|1|031240||20,00000|PC|2693,40||0|000|2102||2693,40|7,00|188,54|0||0||||||||||||||||||||
|C190|000|2102|7,00|2962,74|2693,40|188,54|0|0|0|0||
|C100|0|1|800006986|55|00|1|000569791|42110659105999003959550010005697911363066316|06062011|14062011|1497,60|1|||1152,00|1||||1152,00|80,64||||||||
|C170|1|031263||5,00000|PC|1152,00||0|000|2102||1152,00|7,00|80,64|0||0||||||||||||||||||||
|C190|000|2102|7,00|1497,60|1152,00|80,64|0|0|0|0||
|C100|0|1|800006986|55|00|1|000569792|42110659105999003959550010005697921725874588|06062011|14062011|5287,36|1|||4597,70|1||||4597,70|321,84||||||||
|C170|1|030133||5,00000|PC|4597,70||0|000|2102||4597,70|7,00|321,84|0||0||||||||||||||||||||
|C190|000|2102|7,00|5287,36|4597,70|321,84|0|0|0|0||
|C100|0|1|800006986|55|00|1|000569794|42110659105999003959550010005697941352776530|06062011|14062011|9230,36|1|||8026,40|1||||8026,40|561,85||||||||
|C170|1|040123||20,00000|PC|8026,40||0|000|2102||8026,40|7,00|561,85|0||0||||||||||||||||||||
|C190|000|2102|7,00|9230,36|8026,40|561,85|0|0|0|0||
|C100|0|1|800006986|55|00|1|000569795|42110659105999003959550010005697951213258910|06062011|14062011|4735,70|1|||4118,00|1||||4118,00|288,26||||||||
|C170|1|030960||10,00000|PC|4118,00||0|000|2102||4118,00|7,00|288,26|0||0||||||||||||||||||||
|C190|000|2102|7,00|4735,70|4118,00|288,26|0|0|0|0||
|C100|0|1|800007080|55|00|1|000012048|35110501468951000152550010000120481007919940|10052011|18062011|1451,28|1|||1301,64|1||||1301,64|91,11||||||||
|C170|1|810831||12,00000|PC|184,08||0|000|2102||184,08|7,00|12,89|0||0||||||||||||||||||||
|C170|2|810832||12,00000|PC|311,04||0|000|2102||311,04|7,00|21,77|0||0||||||||||||||||||||
|C170|3|810921||6,00000|PC|26,88||0|000|2102||26,88|7,00|1,88|0||0||||||||||||||||||||
|C170|4|810921||6,00000|PC|26,88||0|000|2102||26,88|7,00|1,88|0||0||||||||||||||||||||
|C170|5|810921||6,00000|PC|26,88||0|000|2102||26,88|7,00|1,88|0||0||||||||||||||||||||
|C170|6|810921||6,00000|PC|26,88||0|000|2102||26,88|7,00|1,88|0||0||||||||||||||||||||
|C170|7|812420||4,00000|JG|475,80||0|000|2102||475,80|7,00|33,31|0||0||||||||||||||||||||
|C170|8|813660||2,00000|PC|52,80||0|000|2102||52,80|7,00|3,70|0||0||||||||||||||||||||
|C170|9|810551||2,00000|PC|127,20||0|000|2102||127,20|7,00|8,90|0||0||||||||||||||||||||
|C170|10|810922||4,00000|PC|14,40||0|000|2102||14,40|7,00|1,01|0||0||||||||||||||||||||
|C170|11|810922||4,00000|PC|14,40||0|000|2102||14,40|7,00|1,01|0||0||||||||||||||||||||
|C170|12|810922||4,00000|PC|14,40||0|000|2102||14,40|7,00|1,01|0||0||||||||||||||||||||
|C190|000|2102|7,00|1451,28|1301,64|91,11|0|0|0|0||
|C100|0|1|800008026|01|00|1|0008659||01062011|01062011|1105,06|9|||1105,06|9||||1105,06|187,86||||||||
|C170|1|031170||1,00000|UN|1105,06||0|000|1152||1105,06|17,00|187,86|0||0||||||||||||||||||||
|C190|000|1152|17,00|1105,06|1105,06|187,86|0|0|0|0||
|C100|0|1|800008026|01|00|1|0008661||01062011|01062011|39,37|9|||39,37|9||||39,37|6,69||||||||
|C170|1|902511||1,00000|UN|39,37||0|000|1152||39,37|17,00|6,69|0||0||||||||||||||||||||
|C190|000|1152|17,00|39,37|39,37|6,69|0|0|0|0||
|C100|0|1|800008026|01|00|1|0008662||02062011|02062011|78,21|9|||78,21|9||||78,21|13,30||||||||
|C170|1|103110||3,00000|UN|78,21||0|000|1152||78,21|17,00|13,30|0||0||||||||||||||||||||
|C190|000|1152|17,00|78,21|78,21|13,30|0|0|0|0||
|C100|0|1|800008026|01|00|1|0008665||03062011|03062011|39,91|9|||39,91|9||||39,91|6,78||||||||
|C170|1|790200||1,00000|UN|1,94||0|000|1152||1,94|17,00|0,33|0||0||||||||||||||||||||
|C170|2|502202||1,00000|UN|37,97||0|000|1152||37,97|17,00|6,45|0||0||||||||||||||||||||
|C190|000|1152|17,00|39,91|39,91|6,78|0|0|0|0||
|C100|0|1|800008026|01|00|1|0008669||06062011|06062011|1058,37|9|||1058,37|9||||1058,37|179,92||||||||
|C170|1|031150||1,00000|UN|1058,37||0|000|1152||1058,37|17,00|179,92|0||0||||||||||||||||||||
|C190|000|1152|17,00|1058,37|1058,37|179,92|0|0|0|0||
|C100|0|1|800008026|01|00|1|0008671||07062011|07062011|1031,24|9|||1031,24|9||||1031,24|175,31||||||||
|C170|1|120080||1,00000|UN|85,49||0|000|1152||85,49|17,00|14,53|0||0||||||||||||||||||||
|C170|2|030393||1,00000|UN|925,77||0|000|1152||925,77|17,00|157,38|0||0||||||||||||||||||||
|C170|3|890480||1,00000|UN|19,98||0|000|1152||19,98|17,00|3,40|0||0||||||||||||||||||||
|C190|000|1152|17,00|1031,24|1031,24|175,31|0|0|0|0||
|C100|0|1|800008026|01|00|1|0008672||07062011|07062011|60,63|9|||60,63|9||||60,63|10,31||||||||
|C170|1|890450||1,00000|UN|60,63||0|000|1152||60,63|17,00|10,31|0||0||||||||||||||||||||
|C190|000|1152|17,00|60,63|60,63|10,31|0|0|0|0||
|C100|0|1|800008026|01|00|1|0008673||07062011|07062011|2972,37|9|||2972,37|9||||2972,37|505,30||||||||
|C170|1|100030||1,00000|UN|318,40||0|000|1152||318,40|17,00|54,13|0||0||||||||||||||||||||
|C170|2|040423||1,00000|UN|471,65||0|000|1152||471,65|17,00|80,18|0||0||||||||||||||||||||
|C170|3|100200||2,00000|UN|496,62||0|000|1152||496,62|17,00|84,43|0||0||||||||||||||||||||
|C170|4|040550||1,00000|UN|90,15||0|000|1152||90,15|17,00|15,33|0||0||||||||||||||||||||
|C170|5|040213||1,00000|UN|849,60||0|000|1152||849,60|17,00|144,43|0||0||||||||||||||||||||
|C170|6|040053||1,00000|UN|745,95||0|000|1152||745,95|17,00|126,81|0||0||||||||||||||||||||
|C190|000|1152|17,00|2972,37|2972,37|505,30|0|0|0|0||
|C100|0|1|800008026|01|00|1|0008675||08062011|08062011|121,20|9|||121,20|9||||121,20|20,60||||||||
|C170|1|150420||2,00000|UN|121,20||0|000|1152||121,20|17,00|20,60|0||0||||||||||||||||||||
|C190|000|1152|17,00|121,20|121,20|20,60|0|0|0|0||
|C100|0|1|800008026|01|00|1|0008676||08062011|08062011|44,59|9|||44,59|9||||44,59|7,58||||||||
|C170|1|810341||1,00000|UN|30,67||0|000|1152||30,67|17,00|5,21|0||0||||||||||||||||||||
|C170|2|940390||1,00000|UN|13,92||0|000|1152||13,92|17,00|2,37|0||0||||||||||||||||||||
|C190|000|1152|17,00|44,59|44,59|7,58|0|0|0|0||
|C100|0|1|800008026|01|00|1|0008681||11062011|11062011|197,25|9|||197,25|9||||12,15|2,07||||||||
|C170|1|103110||1,00000|UN|26,07||0|000|1152||12,15|17,00|2,07|0||0||||||||||||||||||||
|C170|2|180810||1,00000|UN|171,18||0|041|1152|||||0||0||||||||||||||||||||
|C190|000|1152|17,00|26,07|12,15|2,07|0|0|0|0||
|C190|041|1152||171,18|0|0|0|0|0|0||
|C100|0|1|800008026|01|00|1|0008686||13062011|13062011|6075,40|9|||6075,40|9||||6075,40|1032,82||||||||
|C170|1|180213||1,00000|UN|250,36||0|000|1152||250,36|17,00|42,56|0||0||||||||||||||||||||
|C170|2|200150||1,00000|UN|1781,68||0|000|1152||1781,68|17,00|302,89|0||0||||||||||||||||||||
|C170|3|030083||1,00000|UN|1811,62||0|000|1152||1811,62|17,00|307,98|0||0||||||||||||||||||||
|C170|4|030460||1,00000|UN|816,27||0|000|1152||816,27|17,00|138,77|0||0||||||||||||||||||||
|C170|5|180260||1,00000|UN|170,03||0|000|1152||170,03|17,00|28,91|0||0||||||||||||||||||||
|C170|6|120080||1,00000|UN|85,49||0|000|1152||85,49|17,00|14,53|0||0||||||||||||||||||||
|C170|7|030303||1,00000|UN|1159,95||0|000|1152||1159,95|17,00|197,19|0||0||||||||||||||||||||
|C190|000|1152|17,00|6075,40|6075,40|1032,82|0|0|0|0||
|C100|0|1|800008026|01|00|1|0008688||13062011|13062011|67,53|9|||67,53|9||||67,53|11,48||||||||
|C170|1|330010||1,00000|UN|67,53||0|000|1152||67,53|17,00|11,48|0||0||||||||||||||||||||
|C190|000|1152|17,00|67,53|67,53|11,48|0|0|0|0||
|C100|0|1|800008026|01|00|1|0008690||14062011|14062011|189,90|9|||189,90|9||||189,90|32,28||||||||
|C170|1|840910||1,00000|UN|29,62||0|000|1152||29,62|17,00|5,04|0||0||||||||||||||||||||
|C170|2|090240||1,00000|UN|34,93||0|000|1152||34,93|17,00|5,94|0||0||||||||||||||||||||
|C170|3|120130||1,00000|UN|30,38||0|000|1152||30,38|17,00|5,16|0||0||||||||||||||||||||
|C170|4|500120||1,00000|UN|12,00||0|000|1152||12,00|17,00|2,04|0||0||||||||||||||||||||
|C170|5|680280||1,00000|UN|21,94||0|000|1152||21,94|17,00|3,73|0||0||||||||||||||||||||
|C170|6|330050||1,00000|UN|27,29||0|000|1152||27,29|17,00|4,64|0||0||||||||||||||||||||
|C170|7|840140||1,00000|UN|33,74||0|000|1152||33,74|17,00|5,74|0||0||||||||||||||||||||
|C190|000|1152|17,00|189,90|189,90|32,28|0|0|0|0||
|C100|0|1|800008026|01|00|1|0008697||16062011|16062011|26,07|9|||26,07|9||||26,07|4,43||||||||
|C170|1|103110||1,00000|UN|26,07||0|000|1152||26,07|17,00|4,43|0||0||||||||||||||||||||
|C190|000|1152|17,00|26,07|26,07|4,43|0|0|0|0||
|C100|0|1|800008026|01|00|1|0008700||16062011|16062011|13,72|9|||13,72|9||||13,72|2,33||||||||
|C170|1|660261||1,00000|UN|13,72||0|000|1152||13,72|17,00|2,33|0||0||||||||||||||||||||
|C190|000|1152|17,00|13,72|13,72|2,33|0|0|0|0||
|C100|0|1|800008026|01|00|1|0008702||16062011|16062011|2126,35|9|||2126,35|9||||2126,35|361,48||||||||
|C170|1|902110||1,00000|UN|544,89||0|000|1152||544,89|17,00|92,63|0||0||||||||||||||||||||
|C170|2|030183||1,00000|UN|1581,46||0|000|1152||1581,46|17,00|268,85|0||0||||||||||||||||||||
|C190|000|1152|17,00|2126,35|2126,35|361,48|0|0|0|0||
|C100|0|1|800008026|01|00|1|0008693||14062011|14062011|1465,02|9|||1465,02|9||||1465,02|249,05||||||||
|C170|1|290060||1,00000|UN|149,77||0|000|1152||149,77|17,00|25,46|0||0||||||||||||||||||||
|C170|2|150310||1,00000|UN|53,49||0|000|1152||53,49|17,00|9,09|0||0||||||||||||||||||||
|C170|3|290270||1,00000|UN|48,62||0|000|1152||48,62|17,00|8,27|0||0||||||||||||||||||||
|C170|4|330020||1,00000|UN|67,53||0|000|1152||67,53|17,00|11,48|0||0||||||||||||||||||||
|C170|5|812410||1,00000|UN|31,12||0|000|1152||31,12|17,00|5,29|0||0||||||||||||||||||||
|C170|6|520630||1,00000|UN|46,84||0|000|1152||46,84|17,00|7,96|0||0||||||||||||||||||||
|C170|7|120120||1,00000|UN|155,98||0|000|1152||155,98|17,00|26,52|0||0||||||||||||||||||||
|C170|8|840620||2,00000|UN|54,64||0|000|1152||54,64|17,00|9,29|0||0||||||||||||||||||||
|C170|9|903573||1,00000|UN|145,63||0|000|1152||145,63|17,00|24,76|0||0||||||||||||||||||||
|C170|10|502191||1,00000|UN|19,27||0|000|1152||19,27|17,00|3,28|0||0||||||||||||||||||||
|C170|11|910960||1,00000|UN|30,61||0|000|1152||30,61|17,00|5,20|0||0||||||||||||||||||||
|C170|12|330010||1,00000|UN|67,53||0|000|1152||67,53|17,00|11,48|0||0||||||||||||||||||||
|C170|13|890500||1,00000|UN|60,12||0|000|1152||60,12|17,00|10,22|0||0||||||||||||||||||||
|C170|14|680780||1,00000|UN|21,31||0|000|1152||21,31|17,00|3,62|0||0||||||||||||||||||||
|C170|15|180290||1,00000|UN|69,22||0|000|1152||69,22|17,00|11,77|0||0||||||||||||||||||||
|C170|16|040123||1,00000|UN|443,34||0|000|1152||443,34|17,00|75,37|0||0||||||||||||||||||||
|C190|000|1152|17,00|1465,02|1465,02|249,05|0|0|0|0||
|C100|0|1|800008026|01|00|1|0008695||14062011|14062011|177,56|9|||177,56|9||||177,56|30,19||||||||
|C170|1|902511||1,00000|UN|39,37||0|000|1152||39,37|17,00|6,69|0||0||||||||||||||||||||
|C170|2|330250||1,00000|UN|58,97||0|000|1152||58,97|17,00|10,02|0||0||||||||||||||||||||
|C170|3|950300||1,00000|UN|51,93||0|000|1152||51,93|17,00|8,83|0||0||||||||||||||||||||
|C170|4|330050||1,00000|UN|27,29||0|000|1152||27,29|17,00|4,64|0||0||||||||||||||||||||
|C190|000|1152|17,00|177,56|177,56|30,19|0|0|0|0||
|C100|0|1|800008026|01|00|1|0008696||15062011|15062011|51,93|9|||51,93|9||||51,93|8,83||||||||
|C170|1|950300||1,00000|UN|51,93||0|000|1152||51,93|17,00|8,83|0||0||||||||||||||||||||
|C190|000|1152|17,00|51,93|51,93|8,83|0|0|0|0||
|C100|0|1|800006983|55|00|1|000039569|26110659105999006036550010000395691146306272|09062011|21062011|17980,50|1|||16383,80|1||||16383,80|1966,06||||||||
|C170|1|030450||5,00000|PC|2913,90||0|000|2102||2913,90|12,00|349,67|0||0||||||||||||||||||||
|C170|2|030443||10,00000|PC|7586,50||0|000|2102||7586,50|12,00|910,38|0||0||||||||||||||||||||
|C170|3|030363||10,00000|PC|5883,40||0|000|2102||5883,40|12,00|706,01|0||0||||||||||||||||||||
|C190|000|2102|12,00|17980,50|16383,80|1966,06|0|0|0|0||
|C100|0|1|800008028|55|00|1|000352178|35110659105999000348550010003521781012321795|03062011|29062011|39751,04|1|||37783,07|1||||37783,07|2644,81||||||||
|C170|1|030460||10,00000|PC|8058,00||0|000|2102||8058,00|7,00|564,06|0||0||||||||8380,32||||||8380,32||||||
|C170|2|031020||7,00000|PC|6518,05||0|000|2102||6518,05|7,00|456,26|0||0||||||||6778,77||||||6778,77||||||
|C170|3|031073||8,00000|PC|7922,32||0|000|2102||7922,32|7,00|554,56|0||0||||||||8239,21||||||8239,21||||||
|C170|4|031170||10,00000|PC|11133,40||0|000|2102||11133,40|7,00|779,34|0||0||||||||11578,74||||||11578,74||||||
|C170|5|030523||10,00000|PC|1551,60||0|000|2102||1551,60|7,00|108,61|0||0||||||||1784,34||||||1784,34||||||
|C170|6|030533||10,00000|PC|2599,70||0|000|2102||2599,70|7,00|181,98|0||0||||||||2989,66||||||2989,66||||||
|C190|000|2102|7,00|39751,04|37783,07|2644,81|0|0|0|0||
|C100|0|1|800006986|55|00|1|000569787|42110659105999003959550010005697871646605991|06062011|14062011|77380,84|1|||66075,69|1||||66075,69|4625,30||||||||
|C170|1|030223||3,00000|PC|6229,89||0|000|2102||6229,89|7,00|436,09|0||0||||||||7164,37||||||7164,37||||||
|C170|2|030143||20,00000|PC|18881,60||0|000|2102||18881,60|7,00|1321,71|0||0||||||||21713,84||||||21713,84||||||
|C170|3|030830||10,00000|PC|13088,30||0|000|2102||13088,30|7,00|916,18|0||0||||||||15051,55||||||15051,55||||||
|C170|4|030283||5,00000|PC|1220,00||0|000|2102||1220,00|7,00|85,40|0||0||||||||1464,00||||||1464,00||||||
|C170|5|030353||15,00000|PC|16347,30||0|000|2102||16347,30|7,00|1144,31|0||0||||||||19616,76||||||19616,76||||||
|C170|6|030263||2,00000|PC|1538,04||0|000|2102||1538,04|7,00|107,66|0||0||||||||1845,65||||||1845,65||||||
|C170|7|030253||8,00000|PC|6152,16||0|000|2102||6152,16|7,00|430,65|0||0||||||||7382,59||||||7382,59||||||
|C170|8|030250||3,00000|PC|2618,40||0|000|2102||2618,40|7,00|183,29|0||0||||||||3142,08||||||3142,08||||||
|C190|000|2102|7,00|77380,84|66075,69|4625,30|0|0|0|0||
|C100|0|1|800006986|55|00|1|000569786|42110659105999003959550010005697861785465997|06062011|14062011|33529,19|1|||29506,50|1||||29506,50|2065,45||||||||
|C170|1|040133||20,00000|PC|8319,40||0|000|2102||8319,40|7,00|582,36|0||0||||||||9567,31||||||9567,31||||||
|C170|2|040173||20,00000|PC|10618,80||0|000|2102||10618,80|7,00|743,32|0||0||||||||12211,62||||||12211,62||||||
|C170|3|040103||5,00000|PC|3542,10||0|000|2102||3542,10|7,00|247,95|0||0||||||||4073,42||||||4073,42||||||
|C170|4|040460||10,00000|PC|1571,10||0|000|2102||1571,10|7,00|109,98|0||0||||||||1885,32||||||1885,32||||||
|C170|5|040550||20,00000|PC|1457,40||0|000|2102||1457,40|7,00|102,02|0||0||||||||1603,14||||||1603,14||||||
|C170|6|040570||20,00000|PC|1906,80||0|000|2102||1906,80|7,00|133,48|0||0||||||||2097,48||||||2097,48||||||
|C170|7|040360||10,00000|PC|2090,90||0|000|2102||2090,90|7,00|146,36|0||0||||||||2090,90||||||2090,90||||||
|C190|000|2102|7,00|33529,19|29506,50|2065,46|0|0|0|0||
|C100|0|1|800006986|55|00|1|000569793|42110659105999003959550010005697931084981691|06062011|12062011|5970,54|1|||4975,45|1||||4975,45|348,28||||||||
|C170|1|030303||5,00000|PC|4975,45||0|000|2102||4975,45|7,00|348,28|0||0||||||||||||||||||||
|C190|000|2102|7,00|5970,54|4975,45|348,28|0|0|0|0||
|C100|0|1|278|55|00|2|000140440|35110604164616002879550020001404401724336175|16062011|16062011|518,97|0|||518,97|9||||0|0||||||||
|C170|1|10000||1,00000|UN|518,97||0|090|2556|||||0||0||||||||||||||||||||
|C190|090|2556||518,97|0|0|0|0|0|0||
|C100|0|1|278|55|00|2|000141342|35110604164616002879550020001413421479827381|17062011|17062011|5,00|0|||5,00|9||||0|0||||||||
|C170|1|10000||1,00000|UN|5,00||0|090|2556|||||0||0||||||||||||||||||||
|C190|090|2556||5,00|0|0|0|0|0|0||
|C100|0|1|278|55|00|2|000141360|35110604164616002879550020001413601837153809|17062011|17062011|518,97|0|||518,97|9||||0|0||||||||
|C170|1|10000||1,00000|UN|518,97||0|090|2556|||||0||0||||||||||||||||||||
|C190|090|2556||518,97|0|0|0|0|0|0||
|C100|0|1|278|55|00|2|000145335|35110604164616002879550020001453351763937670|24062011|24062011|1,00|0|||1,00|9||||0|0||||||||
|C170|1|10000||1,00000|UN|1,00||0|090|2556|||||0||0||||||||||||||||||||
|C190|090|2556||1,00|0|0|0|0|0|0||
|C400|2D|ECF|GEXNJ20000|2|
|C405|01062011|1|1312|26129|10649513,5|1062|
|C420|N1|6|||
|C425|980200|1|UN|6|0,04|0,18|
|C420|02T1700|1056|2||
|C425|040440|1|UN|416|2,7|12,48|
|C425|105103|1|UN|29|0,19|0,87|
|C425|180243|1|UN|541|3,52|16,23|
|C425|813550|1|UN|35|0,23|1,05|
|C425|970700|1|UN|35|0,23|1,05|
|C490|000|5102|17|1056|1056|179,52||
|C490|041|5102|0|6|0|0||
|C405|02062011|1|1313|26151|10655601,51|6088|
|C420|01T1700|6088|1||
|C425|330250|1|UN|99|0,64|2,97|
|C425|701330|1|UN|15|0,1|0,45|
|C425|700860|1|UN|35|0,23|1,05|
|C425|811150|1|UN|12|0,08|0,36|
|C425|180263|1|UN|249|1,62|7,47|
|C425|501110|1|UN|289|1,88|8,67|
|C425|105105|1|UN|39|0,25|1,17|
|C425|880150|1|UN|79|0,51|2,37|
|C425|813371|7|UN|35|0,23|1,05|
|C425|902610|1|UN|399|2,59|11,97|
|C425|030383|1|UN|1308|8,5|39,24|
|C425|330130|1|UN|219|1,42|6,57|
|C425|220370|1|UN|1745|11,34|52,35|
|C425|120090|2|UN|134|0,87|4,02|
|C425|103110|2|UN|118|0,76|3,54|
|C425|100210|1|UN|367|2,39|11,01|
|C425|100200|1|UN|190|1,24|5,7|
|C425|100160|1|UN|223|1,45|6,69|
|C425|090240|1|UN|59|0,38|1,77|
|C425|040520|1|UN|474|3,08|14,22|
|C490|000|5102|17|6088|6088|1034,96||
|C405|03062011|1|1314|26163|10659403,51|3802|
|C420|01T1700|3802|1||
|C425|890370|1|UN|349|2,27|10,47|
|C425|701270|1|UN|25|0,16|0,75|
|C425|900160|1|UN|79|0,51|2,37|
|C425|180510|1|UN|1199|7,79|35,97|
|C425|680930|1|UN|99|0,64|2,97|
|C425|030383|1|UN|1349|8,77|40,47|
|C425|660090|1|UN|119|0,77|3,57|
|C425|501300|1|UN|5|0,03|0,15|
|C425|180290|1|UN|60|0,39|1,8|
|C425|180280|1|UN|89|0,58|2,67|
|C425|040440|1|UN|429|2,79|12,87|
|C490|000|5102|17|3802|3802|646,34||
|C405|04062011|1|1315|26173|10660721,51|719|
|C420|01T1700|719|1||
|C425|910782|1|UN|69|0,45|2,07|
|C425|902760|1|UN|12|0,08|0,36|
|C425|500170|1|UN|45|0,29|1,35|
|C425|090280|1|UN|179|1,16|5,37|
|C425|040470|1|UN|389|2,53|11,67|
|C425|812260|1|UN|25|0,16|0,75|
|C490|000|5102|17|719|719|122,23||
|C405|06062011|1|1316|26196|10667656,52|6948|
|C420|01T1700|6939|1||
|C425|290043|1|UN|199|1,29|5,97|
|C425|050553|1|UN|649|4,22|19,47|
|C425|890100|1|UN|35|0,23|1,05|
|C425|040453|1|UN|629|4,09|18,87|
|C425|030083|1|UN|2999|19,49|89,97|
|C425|811700|2|UN|24|0,16|0,72|
|C425|900241|1|UN|19|0,12|0,57|
|C425|970320|1|UN|75|0,49|2,25|
|C425|520720|1|UN|39|0,25|1,17|
|C425|200040|1|UN|810|5,27|24,3|
|C425|270010|2|UN|1138|7,4|34,14|
|C425|090240|1|UN|59|0,38|1,77|
|C425|104070|1|UN|7|0,05|0,21|
|C425|813450|2|UN|28|0,18|0,84|
|C425|812040|1|UN|15|0,1|0,45|
|C425|660261|1|UN|29|0,19|0,87|
|C425|701280|1|UN|13|0,08|0,39|
|C425|501300|1|UN|5|0,03|0,15|
|C425|500171|1|UN|49|0,32|1,47|
|C425|290340|1|UN|59|0,38|1,77|
|C425|103110|1|UN|59|0,38|1,77|
|C420|N1|9|||
|C425|940380|1|UN|9|0,06|0,27|
|C490|000|5102|17|6939|6939|1179,63||
|C490|041|5102|0|9|0|0||
|C405|07062011|1|1317|26214|10671452,53|3221|
|C420|01T1700|3221|1||
|C425|811260|1|UN|13|0,08|0,39|
|C425|105102|2|UN|38|0,24|1,14|
|C425|903432|2|UN|26|0,17|0,78|
|C425|813640|1|UN|15|0,1|0,45|
|C425|103121|1|UN|5|0,03|0,15|
|C425|700500|2|UN|30|0,2|0,9|
|C425|813320|1|UN|59|0,38|1,77|
|C425|030083|1|UN|1275|8,29|38,25|
|C425|700260|1|UN|15|0,1|0,45|
|C425|100210|2|UN|746|4,85|22,38|
|C425|902590|2|UN|20|0,13|0,6|
|C425|180253|1|UN|319|2,07|9,57|
|C425|700570|1|UN|7|0,05|0,21|
|C425|060170|1|UN|329|2,14|9,87|
|C425|200360|1|UN|219|1,42|6,57|
|C425|813360|4|UN|36|0,24|1,08|
|C425|502371|1|UN|10|0,07|0,3|
|C425|103110|1|UN|59|0,38|1,77|
|C490|000|5102|17|3221|3221|547,57||
|C405|08062011|1|1318|26237|10676277,54|2626|
|C420|01T1700|2626|1||
|C425|890500|1|UN|99|0,64|2,97|
|C425|105300|1|UN|49|0,32|1,47|
|C425|902200|1|UN|22|0,14|0,66|
|C425|330240|1|UN|75|0,49|2,25|
|C425|120040|1|UN|69|0,45|2,07|
|C425|680281|1|UN|29|0,19|0,87|
|C425|040470|1|UN|389|2,53|11,67|
|C425|090240|1|UN|59|0,38|1,77|
|C425|105106|1|UN|49|0,32|1,47|
|C425|902710|2|UN|58|0,38|1,74|
|C425|200520|1|UN|85|0,55|2,55|
|C425|890360|1|UN|149|0,97|4,47|
|C425|290190|1|UN|52|0,34|1,56|
|C425|180190|1|UN|285|1,85|8,55|
|C425|100200|3|UN|1157|7,52|34,71|
|C490|000|5102|17|2626|2626|446,42||
|C405|09062011|1|1319|26261|10680984,54|4707|
|C420|01T1700|4707|1||
|C425|950380|1|UN|599|3,89|17,97|
|C425|813550|2|UN|70|0,46|2,1|
|C425|500140|1|UN|49|0,32|1,47|
|C425|950063|1|UN|15|0,1|0,45|
|C425|840620|1|UN|55|0,36|1,65|
|C425|950300|1|UN|89|0,58|2,67|
|C425|680501|1|UN|35|0,23|1,05|
|C425|120030|1|UN|96|0,62|2,88|
|C425|330240|1|UN|79|0,51|2,37|
|C425|106010|1|UN|79|0,51|2,37|
|C425|501030|1|UN|22|0,14|0,66|
|C425|950062|1|UN|10|0,07|0,3|
|C425|030250|1|UN|800|5,2|24|
|C425|150040|1|UN|59|0,38|1,77|
|C425|030533|1|UN|539|3,5|16,17|
|C425|040013|1|UN|1169|7,6|35,07|
|C425|090240|1|UN|59|0,38|1,77|
|C425|100210|1|UN|379|2,46|11,37|
|C425|120150|1|UN|55|0,36|1,65|
|C425|180280|1|UN|89|0,58|2,67|
|C425|180320|1|UN|39|0,25|1,17|
|C425|200480|1|UN|80|0,52|2,4|
|C425|330130|1|UN|219|1,42|6,57|
|C425|810170|1|UN|22|0,14|0,66|
|C490|000|5102|17|4707|4707|800,19||
|C405|10062011|1|1320|26298|10691234,55|10250|
|C420|01T1700|10240|1||
|C425|901940|1|UN|19|0,12|0,57|
|C425|500081|1|UN|49|0,32|1,47|
|C425|660160|1|UN|20|0,13|0,6|
|C425|890500|2|UN|194|1,26|5,82|
|C425|900221|1|UN|59|0,38|1,77|
|C425|501740|1|UN|59|0,38|1,77|
|C425|501790|1|UN|29|0,19|0,87|
|C425|180263|2|UN|498|3,24|14,94|
|C425|150050|1|UN|59|0,38|1,77|
|C425|290160|1|UN|899|5,84|26,97|
|C425|813371|4|UN|22|0,15|0,66|
|C425|903210|1|UN|39|0,25|1,17|
|C425|680260|1|UN|39|0,25|1,17|
|C425|840950|1|UN|25|0,16|0,75|
|C425|900953|1|UN|19|0,12|0,57|
|C425|813660|1|UN|55|0,36|1,65|
|C425|901670|1|UN|125|0,81|3,75|
|C425|911070|1|UN|45|0,29|1,35|
|C425|520450|1|UN|89|0,58|2,67|
|C425|810561|1|UN|30|0,2|0,9|
|C425|030760|1|UN|1299|8,44|38,97|
|C425|290200|1|UN|129|0,84|3,87|
|C425|030770|1|UN|1299|8,44|38,97|
|C425|030970|1|UN|1500|9,75|45|
|C425|040250|1|UN|899|5,84|26,97|
|C425|040290|1|UN|1099|7,14|32,97|
|C425|103110|1|UN|59|0,38|1,77|
|C425|120020|1|UN|99|0,64|2,97|
|C425|200370|1|UN|329|2,14|9,87|
|C425|200480|1|UN|169|1,1|5,07|
|C425|290190|1|UN|55|0,36|1,65|
|C425|660470|1|UN|22|0,14|0,66|
|C425|500040|1|UN|35|0,23|1,05|
|C425|813370|2|UN|30|0,2|0,9|
|C425|890360|1|UN|149|0,97|4,47|
|C425|902171|1|UN|299|1,94|8,97|
|C425|902511|1|UN|79|0,51|2,37|
|C425|200520|1|UN|170|1,11|5,1|
|C425|900980|1|UN|29|0,19|0,87|
|C425|105100|1|UN|69|0,45|2,07|
|C425|120130|1|UN|49|0,32|1,47|
|C420|N1|10|||
|C425|980240|2|UN|10|0,07|0,3|
|C490|000|5102|17|10240|10240|1740,8||
|C490|041|5102|0|10|0|0||
|C405|11062011|1|1321|26320|10696737,55|5503|
|C420|01T1700|5503|1||
|C425|812990|1|UN|75|0,49|2,25|
|C425|500450|1|UN|39|0,25|1,17|
|C425|501490|1|UN|55|0,36|1,65|
|C425|813080|1|UN|29|0,19|0,87|
|C425|812290|1|UN|19|0,12|0,57|
|C425|105301|1|UN|75|0,49|2,25|
|C425|812010|1|UN|17|0,11|0,51|
|C425|700500|1|UN|15|0,1|0,45|
|C425|200390|2|UN|998|6,49|29,94|
|C425|700971|1|UN|25|0,16|0,75|
|C425|970680|1|UN|29|0,19|0,87|
|C425|102201|1|UN|132|0,86|3,96|
|C425|660262|1|UN|25|0,16|0,75|
|C425|030760|1|UN|1299|8,44|38,97|
|C425|105100|1|UN|69|0,45|2,07|
|C425|100160|1|UN|469|3,05|14,07|
|C425|180243|1|UN|549|3,57|16,47|
|C425|180320|1|UN|39|0,25|1,17|
|C425|220370|1|UN|850|5,53|25,5|
|C425|901930|1|UN|12|0,08|0,36|
|C425|180263|1|UN|240|1,56|7,2|
|C425|701460|2|UN|36|0,23|1,08|
|C425|890340|2|UN|118|0,76|3,54|
|C425|900037|1|UN|122|0,79|3,66|
|C425|811330|1|UN|39|0,25|1,17|
|C425|680281|1|UN|29|0,19|0,87|
|C425|120030|1|UN|99|0,64|2,97|
|C490|000|5102|17|5503|5503|935,51||
|C405|13062011|1|1322|26335|10702164,55|5427|
|C420|01T1700|5138|1||
|C425|502371|1|UN|10|0,07|0,3|
|C425|811580|1|UN|7|0,05|0,21|
|C425|811590|1|UN|7|0,05|0,21|
|C425|902590|1|UN|10|0,07|0,3|
|C425|902270|1|UN|119|0,77|3,57|
|C425|811610|1|UN|6|0,04|0,18|
|C425|650200|1|UN|39|0,25|1,17|
|C425|030143|1|UN|900|5,85|27|
|C425|290300|1|UN|129|0,84|3,87|
|C425|103110|1|UN|59|0,38|1,77|
|C425|100210|2|UN|746|4,85|22,38|
|C425|100200|2|UN|758|4,92|22,74|
|C425|040173|1|UN|999|6,49|29,97|
|C425|030383|1|UN|1349|8,77|40,47|
|C420|N1|289|||
|C425|180810|1|UN|289|1,88|8,67|
|C490|000|5102|17|5138|5138|873,46||
|C490|041|5102|0|289|0|0||
|C405|14062011|1|1323|26366|10716850,55|14686|
|C420|01T1700|14679|1||
|C425|813450|4|UN|56|0,36|1,68|
|C425|900950|1|UN|14|0,09|0,42|
|C425|790060|1|UN|49|0,32|1,47|
|C425|220383|1|UN|1499|9,74|44,97|
|C425|900081|1|UN|12|0,08|0,36|
|C425|902040|1|UN|29|0,19|0,87|
|C425|900362|2|UN|90|0,59|2,7|
|C425|950300|1|UN|89|0,58|2,67|
|C425|701570|1|UN|29|0,19|0,87|
|C425|501740|1|UN|59|0,38|1,77|
|C425|090310|1|UN|179|1,16|5,37|
|C425|812040|6|UN|114|0,74|3,42|
|C425|810920|1|UN|15|0,1|0,45|
|C425|101491|2|UN|78|0,51|2,34|
|C425|521120|1|UN|55|0,36|1,65|
|C425|105200|1|UN|129|0,84|3,87|
|C425|105102|2|UN|38|0,25|1,14|
|C425|101493|2|UN|44|0,29|1,32|
|C425|101492|2|UN|98|0,64|2,94|
|C425|700433|1|UN|8|0,05|0,24|
|C425|680780|1|UN|49|0,32|1,47|
|C425|110050|1|UN|39|0,25|1,17|
|C425|900241|1|UN|19|0,12|0,57|
|C425|610020|2|UN|90|0,59|2,7|
|C425|702170|2|UN|258|1,68|7,74|
|C425|030130|2|UN|3998|25,98|119,94|
|C425|180770|1|UN|1399|9,09|41,97|
|C425|810422|1|UN|17|0,11|0,51|
|C425|530461|1|UN|12|0,08|0,36|
|C425|330050|1|UN|46|0,3|1,38|
|C425|290260|1|UN|49|0,32|1,47|
|C425|220143|2|UN|1246|8,1|37,38|
|C425|840431|1|UN|59|0,38|1,77|
|C425|180290|2|UN|187|1,22|5,61|
|C425|150040|1|UN|56|0,36|1,68|
|C425|101494|2|UN|70|0,46|2,1|
|C425|090240|1|UN|59|0,38|1,77|
|C425|040173|1|UN|1049|6,82|31,47|
|C425|031130|1|UN|584|3,8|17,52|
|C425|813371|1|UN|5|0,03|0,15|
|C425|900491|1|UN|59|0,38|1,77|
|C425|900431|1|UN|24|0,16|0,72|
|C425|501650|1|UN|45|0,29|1,35|
|C425|330030|1|UN|129|0,84|3,87|
|C425|031160|1|UN|796|5,17|23,88|
|C425|030093|1|UN|1042|6,77|31,26|
|C425|903180|10|UN|60|0,39|1,8|
|C425|701100|1|UN|22|0,14|0,66|
|C425|200520|1|UN|179|1,16|5,37|
|C425|104040|2|UN|20|0,13|0,6|
|C425|040123|1|UN|328|2,13|9,84|
|C420|N1|7|||
|C425|940340|1|UN|7|0,05|0,21|
|C490|000|5102|17|14679|14679|2495,43||
|C490|041|5102|0|7|0|0||
|C405|15062011|1|1324|26389|10719279,57|2429|
|C420|01T1700|2429|1||
|C425|811700|1|UN|13|0,08|0,39|
|C425|500760|1|UN|45|0,29|1,35|
|C425|105102|3|UN|57|0,37|1,71|
|C425|900951|1|UN|8|0,05|0,24|
|C425|500690|1|UN|39|0,25|1,17|
|C425|910670|1|UN|19|0,12|0,57|
|C425|811590|2|UN|14|0,09|0,42|
|C425|520740|1|UN|129|0,84|3,87|
|C425|070410|1|UN|279|1,81|8,37|
|C425|902040|1|UN|29|0,19|0,87|
|C425|290170|1|UN|1199|7,79|35,97|
|C425|500610|1|UN|5|0,03|0,15|
|C425|890421|2|UN|388|2,52|11,64|
|C425|950120|1|UN|49|0,32|1,47|
|C425|701100|1|UN|22|0,14|0,66|
|C425|910781|1|UN|69|0,45|2,07|
|C425|900031|1|UN|65|0,42|1,95|
|C490|000|5102|17|2429|2429|412,93||
|C405|16062011|1|1325|26409|10726926,57|7403|
|C420|01T1700|7403|1||
|C425|970400|1|UN|39|0,25|1,17|
|C425|900120|1|UN|17|0,11|0,51|
|C425|812170|1|UN|29|0,19|0,87|
|C425|520730|1|UN|219|1,42|6,57|
|C425|812160|2|UN|58|0,38|1,74|
|C425|812530|1|UN|39|0,25|1,17|
|C425|105104|1|UN|39|0,25|1,17|
|C425|330200|1|UN|199|1,29|5,97|
|C425|051220|1|UN|949|6,17|28,47|
|C425|500125|1|UN|55|0,36|1,65|
|C425|900831|1|UN|15|0,1|0,45|
|C425|103030|2|UN|118|0,77|3,54|
|C425|532350|1|UN|19|0,12|0,57|
|C425|810392|1|UN|69|0,45|2,07|
|C425|812410|1|UN|59|0,38|1,77|
|C425|660310|1|UN|59|0,38|1,77|
|C425|030460|1|UN|650|4,23|19,5|
|C425|902171|1|UN|299|1,94|8,97|
|C425|030960|1|UN|394|2,56|11,82|
|C425|040213|1|UN|1329|8,64|39,87|
|C425|040280|2|UN|1260|8,19|37,8|
|C425|040360|1|UN|379|2,46|11,37|
|C425|180190|1|UN|295|1,92|8,85|
|C425|180920|1|UN|69|0,45|2,07|
|C425|900360|1|UN|17|0,11|0,51|
|C425|040570|1|UN|199|1,29|5,97|
|C425|100220|1|UN|389|2,53|11,67|
|C425|501080|1|UN|7|0,05|0,21|
|C425|500610|1|UN|5|0,03|0,15|
|C425|813230|6|UN|36|0,23|1,08|
|C425|813371|3|UN|15|0,1|0,45|
|C425|120050|1|UN|78|0,51|2,34|
|C490|000|5102|17|7403|7403|1258,51||
|C405|17062011|1|1326|26430|10734636,59|7210|
|C420|01T1700|7210|1||
|C425|500130|1|UN|29|0,19|0,87|
|C425|531100|1|UN|161|1,05|4,83|
|C425|520990|3|UN|24|0,16|0,72|
|C425|850050|1|UN|55|0,36|1,65|
|C425|501110|1|UN|289|1,88|8,67|
|C425|180390|1|UN|494|3,21|14,82|
|C425|950100|1|UN|15|0,1|0,45|
|C425|030130|1|UN|1870|12,16|56,1|
|C425|104180|1|UN|45|0,29|1,35|
|C425|812960|1|UN|29|0,19|0,87|
|C425|100210|2|UN|739|4,8|22,17|
|C425|040290|1|UN|500|3,25|15|
|C425|030960|1|UN|360|2,34|10,8|
|C425|030830|1|UN|2600|16,9|78|
|C490|000|5102|17|7210|7210|1225,7||
|C405|18062011|1|1327|26448|10741109,59|2957|
|C420|N1|188|||
|C425|710300|1|UN|89|0,58|2,67|
|C425|710320|1|UN|99|0,64|2,97|
|C420|02T1700|2769|2||
|C425|880110|1|UN|119|0,77|3,57|
|C425|812750|1|UN|22|0,14|0,66|
|C425|900360|1|UN|17|0,11|0,51|
|C425|500541|1|UN|39|0,25|1,17|
|C425|900120|1|UN|17|0,11|0,51|
|C425|902590|1|UN|10|0,07|0,3|
|C425|902600|1|UN|59|0,38|1,77|
|C425|090220|1|UN|139|0,9|4,17|
|C425|841020|1|UN|129|0,84|3,87|
|C425|900951|1|UN|5|0,03|0,15|
|C425|103210|1|UN|29|0,19|0,87|
|C425|901250|1|UN|19|0,12|0,57|
|C425|900693|1|UN|75|0,49|2,25|
|C425|900456|1|UN|33|0,21|0,99|
|C425|500191|1|UN|59|0,38|1,77|
|C425|900521|2|UN|90|0,59|2,7|
|C425|290270|1|UN|89|0,58|2,67|
|C425|100200|1|UN|399|2,59|11,97|
|C425|100210|1|UN|367|2,39|11,01|
|C425|180260|1|UN|299|1,94|8,97|
|C425|290340|1|UN|59|0,38|1,77|
|C425|330210|1|UN|69|0,45|2,07|
|C425|500171|1|UN|49|0,32|1,47|
|C425|701200|1|UN|27|0,18|0,81|
|C425|500050|1|UN|49|0,32|1,47|
|C425|104180|1|UN|45|0,29|1,35|
|C425|500810|1|UN|10|0,07|0,3|
|C425|090280|1|UN|179|1,16|5,37|
|C425|880210|1|UN|99|0,64|2,97|
|C425|106130|1|UN|99|0,64|2,97|
|C425|120040|1|UN|69|0,45|2,07|
|C490|000|5102|17|2769|2769|470,73||
|C490|041|5102|0|188|0|0||
|C405|20062011|1|1328|26462|10743774,59|2665|
|C420|01T1700|2665|1||
|C425|890500|1|UN|99|0,64|2,97|
|C425|521170|1|UN|219|1,42|6,57|
|C425|700971|1|UN|25|0,16|0,75|
|C425|903090|1|UN|99|0,64|2,97|
|C425|701840|1|UN|12|0,08|0,36|
|C425|820470|1|UN|6|0,04|0,18|
|C425|900360|2|UN|34|0,22|1,02|
|C425|502202|1|UN|79|0,51|2,37|
|C425|030940|1|UN|765|4,97|22,95|
|C425|900980|1|UN|29|0,19|0,87|
|C425|900060|2|UN|20|0,13|0,6|
|C425|812960|1|UN|29|0,19|0,87|
|C425|501710|1|UN|18|0,12|0,54|
|C425|180260|1|UN|299|1,94|8,97|
|C425|120080|1|UN|133|0,86|3,99|
|C425|040530|1|UN|400|2,6|12|
|C425|040360|1|UN|399|2,59|11,97|
|C490|000|5102|17|2665|2665|453,05||
|C405|21062011|1|1329|26475|10745159,59|1385|
|C420|01T1700|1385|1||
|C425|104040|1|UN|10|0,07|0,3|
|C425|813440|1|UN|15|0,1|0,45|
|C425|910640|1|UN|35|0,23|1,05|
|C425|850050|2|UN|110|0,72|3,3|
|C425|040453|1|UN|629|4,09|18,87|
|C425|950090|1|UN|9|0,06|0,27|
|C425|040460|1|UN|349|2,27|10,47|
|C425|101010|1|UN|99|0,64|2,97|
|C425|102090|1|UN|129|0,84|3,87|
|C490|000|5102|17|1385|1385|235,45||
|C405|22062011|1|1330|26498|10749215,59|4056|
|C420|01T1700|4056|1||
|C425|105104|1|UN|39|0,25|1,17|
|C425|760055|1|UN|15|0,1|0,45|
|C425|812100|2|UN|38|0,25|1,14|
|C425|902650|1|UN|99|0,64|2,97|
|C425|530520|1|UN|18|0,12|0,54|
|C425|040460|1|UN|174|1,13|5,22|
|C425|610020|1|UN|45|0,29|1,35|
|C425|180263|1|UN|118|0,77|3,54|
|C425|970320|1|UN|75|0,49|2,25|
|C425|902350|1|UN|35|0,23|1,05|
|C425|900381|1|UN|25|0,16|0,75|
|C425|900453|1|UN|65|0,42|1,95|
|C425|900015|1|UN|10|0,07|0,3|
|C425|105300|2|UN|46|0,3|1,38|
|C425|030363|1|UN|515|3,35|15,45|
|C425|330210|1|UN|34|0,22|1,02|
|C425|031110|1|UN|356|2,31|10,68|
|C425|040530|1|UN|427|2,78|12,81|
|C425|100200|1|UN|390|2,54|11,7|
|C425|100210|2|UN|547|3,55|16,41|
|C425|290230|1|UN|129|0,84|3,87|
|C425|330050|2|UN|72|0,47|2,16|
|C425|050543|2|UN|435|2,83|13,05|
|C425|903180|1|UN|6|0,04|0,18|
|C425|950010|1|UN|129|0,84|3,87|
|C425|120150|1|UN|59|0,38|1,77|
|C425|330030|1|UN|129|0,84|3,87|
|C425|500820|1|UN|7|0,05|0,21|
|C425|710200|1|UN|19|0,12|0,57|
|C490|000|5102|17|4056|4056|689,52||
|C405|24062011|1|1331|26532|10770328,59|21100|
|C420|01T1700|20562|1||
|C425|820280|1|UN|15|0,1|0,45|
|C425|500411|1|UN|8|0,05|0,24|
|C425|700953|1|UN|35|0,23|1,05|
|C425|813371|2|UN|10|0,07|0,3|
|C425|910150|1|UN|39|0,25|1,17|
|C425|812040|4|UN|76|0,49|2,28|
|C425|030870|1|UN|2137|13,89|64,11|
|C425|180263|1|UN|249|1,62|7,47|
|C425|680280|2|UN|90|0,58|2,7|
|C425|104090|2|UN|130|0,85|3,9|
|C425|813060|1|UN|35|0,23|1,05|
|C425|950110|1|UN|19|0,12|0,57|
|C425|701940|1|UN|39|0,25|1,17|
|C425|812190|1|UN|25|0,16|0,75|
|C425|902141|1|UN|119|0,77|3,57|
|C425|180400|1|UN|515|3,35|15,45|
|C425|200390|1|UN|499|3,24|14,97|
|C425|660262|1|UN|25|0,16|0,75|
|C425|600360|1|UN|14|0,09|0,42|
|C425|030130|1|UN|1983|12,89|59,49|
|C425|120090|1|UN|69|0,45|2,07|
|C425|031283|1|UN|922|5,99|27,66|
|C425|040250|1|UN|400|2,6|12|
|C425|040340|1|UN|760|4,94|22,8|
|C425|040393|1|UN|999|6,49|29,97|
|C425|040430|2|UN|622|4,05|18,66|
|C425|040530|3|UN|2697|17,53|80,91|
|C425|040550|1|UN|159|1,03|4,77|
|C425|100200|1|UN|399|2,59|11,97|
|C425|030383|2|UN|1936|12,58|58,08|
|C425|813440|1|UN|15|0,1|0,45|
|C425|180790|2|UN|3582|23,28|107,46|
|C425|220183|1|UN|1199|7,79|35,97|
|C425|290210|1|UN|349|2,27|10,47|
|C425|290230|1|UN|139|0,9|4,17|
|C425|330130|1|UN|229|1,49|6,87|
|C425|502371|1|UN|10|0,07|0,3|
|C425|101170|1|UN|14|0,09|0,42|
|C420|N1|538|||
|C425|180810|1|UN|289|1,88|8,67|
|C425|180900|1|UN|249|1,62|7,47|
|C490|000|5102|17|20562|20562|3495,54||
|C490|041|5102|0|538|0|0||
|C405|25062011|1|1332|26546|10776034,59|5706|
|C420|01T1700|5706|1||
|C425|900431|1|UN|22|0,14|0,66|
|C425|811580|1|UN|7|0,05|0,21|
|C425|520944|1|UN|43|0,28|1,29|
|C425|520710|1|UN|29|0,19|0,87|
|C425|520030|1|UN|49|0,32|1,47|
|C425|811590|1|UN|7|0,05|0,21|
|C425|120030|1|UN|99|0,64|2,97|
|C425|811610|1|UN|6|0,04|0,18|
|C425|890500|1|UN|99|0,64|2,97|
|C425|812040|2|UN|38|0,25|1,14|
|C425|030053|1|UN|1949|12,67|58,47|
|C425|900491|1|UN|55|0,36|1,65|
|C425|950310|1|UN|129|0,84|3,87|
|C425|901930|1|UN|12|0,08|0,36|
|C425|701670|1|UN|32|0,21|0,96|
|C425|180920|1|UN|69|0,45|2,07|
|C425|100210|1|UN|379|2,46|11,37|
|C425|070420|1|UN|279|1,81|8,37|
|C425|040550|1|UN|155|1,01|4,65|
|C425|040530|1|UN|899|5,84|26,97|
|C425|030383|1|UN|1349|8,77|40,47|
|C490|000|5102|17|5706|5706|970,02||
|C405|27062011|1|1333|26555|10779396,59|3362|
|C420|01T1700|3362|1||
|C425|031073|1|UN|780|5,07|23,4|
|C425|040280|1|UN|1399|9,09|41,97|
|C425|100210|1|UN|379|2,46|11,37|
|C425|180280|1|UN|89|0,58|2,67|
|C425|330050|1|UN|49|0,32|1,47|
|C425|120030|1|UN|96|0,62|2,88|
|C425|050620|1|UN|570|3,71|17,1|
|C490|000|5102|17|3362|3362|571,54||
|C405|28062011|1|1334|26576|10785962,59|6566|
|C420|01T1700|6467|1||
|C425|180263|2|UN|361|2,35|10,83|
|C425|520742|1|UN|79|0,51|2,37|
|C425|900461|4|UN|48|0,32|1,44|
|C425|901542|1|UN|19|0,12|0,57|
|C425|761150|1|UN|179|1,16|5,37|
|C425|890020|1|UN|217|1,41|6,51|
|C425|090010|1|UN|99|0,64|2,97|
|C425|811700|2|UN|26|0,17|0,78|
|C425|030393|1|UN|735|4,78|22,05|
|C425|500612|1|UN|14|0,09|0,42|
|C425|902511|1|UN|99|0,64|2,97|
|C425|290260|2|UN|98|0,64|2,94|
|C425|220183|1|UN|1175|7,64|35,25|
|C425|100200|1|UN|370|2,41|11,1|
|C425|031130|1|UN|1299|8,44|38,97|
|C425|031073|1|UN|1649|10,72|49,47|
|C420|N1|99|||
|C425|940350|2|UN|10|0,07|0,3|
|C425|710300|1|UN|89|0,58|2,67|
|C490|000|5102|17|6467|6467|1099,39||
|C490|041|5102|0|99|0|0||
|C405|29062011|1|1335|26590|10791026,59|5064|
|C420|01T1700|4867|1||
|C425|500820|1|UN|7|0,05|0,21|
|C425|500613|1|UN|14|0,09|0,42|
|C425|180263|1|UN|112|0,73|3,36|
|C425|501160|1|UN|7|0,05|0,21|
|C425|501740|1|UN|59|0,38|1,77|
|C425|501140|1|UN|7|0,05|0,21|
|C425|180390|1|UN|1099|7,14|32,97|
|C425|500612|1|UN|14|0,09|0,42|
|C425|030770|1|UN|1230|8|36,9|
|C425|500790|1|UN|7|0,05|0,21|
|C425|051110|1|UN|1325|8,61|39,75|
|C425|501130|1|UN|7|0,05|0,21|
|C425|760292|1|UN|69|0,45|2,07|
|C425|290033|1|UN|189|1,23|5,67|
|C425|180273|1|UN|316|2,05|9,48|
|C425|180203|1|UN|405|2,63|12,15|
|C420|N1|197|||
|C425|710320|2|UN|197|1,28|5,91|
|C490|000|5102|17|4867|4867|827,39||
|C490|041|5102|0|197|0|0||
|C405|30062011|1|1336|26599|10793947,59|2921|
|C420|01T1700|2921|1||
|C425|030383|1|UN|640|4,16|19,2|
|C425|040053|1|UN|1160|7,54|34,8|
|C425|120090|1|UN|69|0,45|2,07|
|C425|501780|1|UN|13|0,08|0,39|
|C425|910710|1|UN|7|0,05|0,21|
|C425|051070|1|UN|1020|6,63|30,6|
|C425|101410|1|UN|12|0,08|0,36|
|C490|000|5102|17|2921|2921|496,57||
|C400|2D|ECF|BE0106SC56001133153|4|
|C405|01062011|1|9501|12931|10333398,66|3748|
|C420|01T1700|3748|1||
|C425|040123|1|UN|700|4,55|21|
|C425|220133|1|UN|1649|10,72|49,47|
|C425|051210|1|UN|1399|9,09|41,97|
|C490|000|5102|17|3748|3748|637,16||
|C405|02062011|1|9582|12935|10333698,66|300|
|C420|01T1700|300|1||
|C425|100013|1|UN|300|1,95|9|
|C490|000|5102|17|300|300|51||
|C405|03062011|1|9589|12945|10342249,66|8551|
|C420|01T1700|8551|1||
|C425|030303|2|UN|3818|24,81|114,54|
|C425|030393|1|UN|1480|9,62|44,4|
|C425|100200|1|UN|399|2,59|11,97|
|C425|330210|1|UN|69|0,45|2,07|
|C425|910781|1|UN|69|0,45|2,07|
|C425|950390|1|UN|859|5,58|25,77|
|C425|120030|1|UN|109|0,71|3,27|
|C425|330020|1|UN|109|0,71|3,27|
|C425|050683|2|UN|1580|10,27|47,4|
|C425|680050|1|UN|59|0,38|1,77|
|C490|000|5102|17|8551|8551|1453,67||
|C405|04062011|1|9593|12952|10345365,66|3116|
|C420|01T1700|3116|1||
|C425|030533|1|UN|539|3,5|16,17|
|C425|040430|1|UN|329|2,14|9,87|
|C425|031160|1|UN|1769|11,5|53,07|
|C425|050543|1|UN|479|3,11|14,37|
|C490|000|5102|17|3116|3116|529,72||
|C405|06062011|1|9605|12969|10361774,66|16409|
|C420|01T1700|16409|1||
|C425|330210|1|UN|79|0,51|2,37|
|C425|530010|1|UN|31|0,2|0,93|
|C425|040453|1|UN|629|4,09|18,87|
|C425|890450|1|UN|119|0,77|3,57|
|C425|031150|1|UN|1689|10,98|50,67|
|C425|030033|1|UN|2330|15,15|69,9|
|C425|902110|1|UN|999|6,49|29,97|
|C425|030100|1|UN|2890|18,79|86,7|
|C425|100210|1|UN|379|2,46|11,37|
|C425|100160|1|UN|469|3,05|14,07|
|C425|040530|1|UN|869|5,65|26,07|
|C425|040440|1|UN|429|2,79|12,87|
|C425|030830|1|UN|2499|16,24|74,97|
|C425|030460|1|UN|1399|9,09|41,97|
|C425|030253|1|UN|1599|10,39|47,97|
|C490|000|5102|17|16409|16409|2789,53||
|C405|07062011|1|9608|12975|10365321,66|3547|
|C420|01T1700|3547|1||
|C425|030970|1|UN|1569|10,2|47,07|
|C425|100210|1|UN|379|2,46|11,37|
|C425|030293|1|UN|1599|10,39|47,97|
|C490|000|5102|17|3547|3547|602,99||
|C405|08062011|1|9609|12979|10366611,66|1290|
|C420|01T1700|1290|1||
|C425|030383|1|UN|1290|8,39|38,7|
|C490|000|5102|17|1290|1290|219,3||
|C405|09062011|1|9611|12984|10367981,66|1370|
|C420|01T1700|1370|1||
|C425|040173|1|UN|970|6,31|29,1|
|C425|070430|1|UN|400|2,6|12|
|C490|000|5102|17|1370|1370|232,9||
|C405|11062011|1|9613|12992|10370678,66|2697|
|C420|01T1700|2697|1||
|C425|040383|1|UN|669|4,35|20,07|
|C425|220133|1|UN|1649|10,72|49,47|
|C425|040470|1|UN|379|2,46|11,37|
|C490|000|5102|17|2697|2697|458,49||
|C405|13062011|1|1010|13002|10385479,66|14801|
|C420|01T1700|14801|1||
|C425|040223|1|UN|1569|10,2|47,07|
|C425|180750|1|UN|2299|14,94|68,97|
|C425|031150|1|UN|1698|11,04|50,94|
|C425|031160|1|UN|1999|12,99|59,97|
|C425|220133|1|UN|1580|10,27|47,4|
|C425|180180|1|UN|529|3,44|15,87|
|C425|030293|1|UN|1599|10,39|47,97|
|C425|050630|2|UN|2929|19,04|87,87|
|C425|180550|1|UN|599|3,89|17,97|
|C490|000|5102|17|14801|14801|2516,17||
|C405|14062011|1|1011|13010|10395504,66|10025|
|C420|01T1700|10025|1||
|C425|030100|1|UN|2999|19,49|89,97|
|C425|030393|1|UN|1549|10,07|46,47|
|C425|100030|1|UN|519|3,37|15,57|
|C425|031273|1|UN|1959|12,73|58,77|
|C425|031200|1|UN|2999|19,49|89,97|
|C490|000|5102|17|10025|10025|1704,25||
|C405|15062011|1|1012|13018|10401147,66|5643|
|C420|01T1700|5643|1||
|C425|030443|1|UN|1150|7,48|34,5|
|C425|030760|1|UN|1299|8,44|38,97|
|C425|040133|2|UN|1514|9,84|45,42|
|C425|031160|1|UN|1680|10,92|50,4|
|C490|000|5102|17|5643|5643|959,31||
|C405|16062011|1|1013|13026|10408123,66|6976|
|C420|01T1700|6976|1||
|C425|100200|1|UN|399|2,59|11,97|
|C425|040123|1|UN|729|4,74|21,87|
|C425|030300|1|UN|2680|17,42|80,4|
|C425|031160|1|UN|1769|11,5|53,07|
|C425|050630|1|UN|1399|9,09|41,97|
|C490|000|5102|17|6976|6976|1185,92||
|C405|17062011|1|1014|13037|10417512,66|9389|
|C420|01T1700|9389|1||
|C425|030053|1|UN|1949|12,67|58,47|
|C425|030450|1|UN|950|6,18|28,5|
|C425|040360|1|UN|399|2,59|11,97|
|C425|120090|1|UN|69|0,45|2,07|
|C425|902110|1|UN|999|6,49|29,97|
|C425|950490|1|UN|515|3,35|15,45|
|C425|040203|1|UN|1630|10,6|48,9|
|C425|040470|1|UN|379|2,46|11,37|
|C425|030183|1|UN|2499|16,24|74,97|
|C490|000|5102|17|9389|9389|1596,13||
|C405|20062011|1|1016|13051|10429386,66|11874|
|C420|01T1700|11874|1||
|C425|030100|2|UN|5998|38,98|179,94|
|C425|030460|1|UN|1350|8,78|40,5|
|C425|040440|1|UN|405|2,63|12,15|
|C425|100030|1|UN|519|3,37|15,57|
|C425|100200|1|UN|375|2,44|11,25|
|C425|220393|1|UN|2269|14,75|68,07|
|C425|950360|1|UN|499|3,24|14,97|
|C425|050543|1|UN|459|2,98|13,77|
|C490|000|5102|17|11874|11874|2018,58||
|C405|21062011|1|1017|13058|10437583,66|8197|
|C420|01T1700|8197|1||
|C425|030100|1|UN|2999|19,49|89,97|
|C425|030830|1|UN|1169|7,6|35,07|
|C425|950370|1|UN|1699|11,04|50,97|
|C425|220650|1|UN|1731|11,25|51,93|
|C425|040453|1|UN|599|3,89|17,97|
|C490|000|5102|17|8197|8197|1393,49||
|C405|22062011|1|1018|13076|10444714,66|7131|
|C420|01T1700|7131|1||
|C425|120130|1|UN|49|0,32|1,47|
|C425|180550|1|UN|539|3,5|16,17|
|C425|330240|1|UN|79|0,51|2,37|
|C425|180263|2|UN|498|3,24|14,94|
|C425|120030|1|UN|99|0,64|2,97|
|C425|840980|1|UN|65|0,42|1,95|
|C425|150410|1|UN|59|0,38|1,77|
|C425|030100|1|UN|2959|19,23|88,77|
|C425|200520|1|UN|179|1,16|5,37|
|C425|330050|1|UN|49|0,32|1,47|
|C425|330010|1|UN|119|0,77|3,57|
|C425|290290|1|UN|99|0,64|2,97|
|C425|290190|1|UN|69|0,45|2,07|
|C425|220393|1|UN|2269|14,75|68,07|
|C490|000|5102|17|7131|7131|1212,27||
|C405|24062011|1|1019|13085|10445585,66|871|
|C420|01T1700|871|1||
|C425|500171|1|UN|55|0,36|1,65|
|C425|902511|1|UN|79|0,51|2,37|
|C425|150410|1|UN|59|0,38|1,77|
|C425|501110|1|UN|280|1,82|8,4|
|C425|890560|2|UN|398|2,58|11,94|
|C490|000|5102|17|871|871|148,07||
|C405|25062011|1|1020|13092|10450432,66|4847|
|C420|01T1700|4847|1||
|C425|030443|1|UN|1180|7,67|35,4|
|C425|030533|1|UN|520|3,38|15,6|
|C425|040250|1|UN|899|5,84|26,97|
|C425|220133|1|UN|1649|10,72|49,47|
|C425|050840|1|UN|599|3,89|17,97|
|C490|000|5102|17|4847|4847|823,99||
|C405|27062011|1|1021|13101|10458955,66|8523|
|C420|01T1700|8523|1||
|C425|030353|1|UN|2399|15,59|71,97|
|C425|030363|1|UN|1049|6,82|31,47|
|C425|030770|2|UN|2598|16,88|77,94|
|C425|031110|1|UN|649|4,22|19,47|
|C425|950310|1|UN|129|0,84|3,87|
|C425|950370|1|UN|1699|11,04|50,97|
|C490|000|5102|17|8523|8523|1448,91||
|C405|28062011|1|1022|13110|10464689,66|5734|
|C420|01T1700|5650|1||
|C425|910740|1|UN|85|0,55|2,55|
|C425|890120|1|UN|35|0,23|1,05|
|C425|810520|1|UN|18|0,12|0,54|
|C425|501110|1|UN|299|1,94|8,97|
|C425|890550|1|UN|199|1,29|5,97|
|C425|030303|1|UN|1999|12,99|59,97|
|C425|040570|1|UN|229|1,49|6,87|
|C425|890440|2|UN|118|0,77|3,54|
|C425|120090|1|UN|69|0,45|2,07|
|C425|030830|1|UN|2599|16,89|77,97|
|C420|N1|84|||
|C425|710280|1|UN|84|0,55|2,52|
|C490|000|5102|17|5650|5650|960,5||
|C490|041|5102|0|84|0|0||
|C405|29062011|1|1023|13122|10483330,66|18641|
|C420|01T1700|18641|1||
|C425|030870|2|UN|8934|58,07|268,02|
|C425|903573|1|UN|300|1,95|9|
|C425|050920|1|UN|1079|7,01|32,37|
|C425|051080|1|UN|2175|14,14|65,25|
|C425|050630|1|UN|1340|8,71|40,2|
|C425|501110|1|UN|299|1,94|8,97|
|C425|030383|1|UN|607|3,95|18,21|
|C425|050880|1|UN|2175|14,14|65,25|
|C425|290210|1|UN|379|2,46|11,37|
|C425|180290|1|UN|139|0,9|4,17|
|C425|180273|1|UN|329|2,14|9,87|
|C425|180243|1|UN|549|3,57|16,47|
|C425|100210|1|UN|336|2,18|10,08|
|C490|000|5102|17|18641|18641|3168,97||
|C405|30062011|1|1024|13130|10485817,66|2487|
|C420|01T1700|2487|1||
|C425|180920|1|UN|65|0,42|1,95|
|C425|890210|1|UN|440|2,86|13,2|
|C425|040470|1|UN|389|2,53|11,67|
|C425|120030|1|UN|109|0,71|3,27|
|C425|051220|1|UN|949|6,17|28,47|
|C425|270010|1|UN|535|3,48|16,05|
|C490|000|5102|17|2487|2487|422,79||
|C990|1751|
|D001|0|
|D100|0|1|800007034|08|00|U||015389||06062011|20062011|||718,27||2|718,27|718,27|27,44||||
|D190|000|2353|3,82|718,27|718,27|27,44|0||
|D100|0|1|800006976|08|00|U||022564||04062011|18062011|||82,95||2|82,95|82,95|5,81||||
|D190|000|2353|7,00|82,95|82,95|5,81|0||
|D100|0|1|800006984|08|00|U||102813||09062011|21062011|||1028,50||2|1028,50|1028,50|123,42||||
|D190|000|2353|12,00|1028,50|1028,50|123,42|0||
|D100|0|1|800006984|08|00|U||101329||27052011|21062011|||462,30||2|462,30|462,30|55,48||||
|D190|000|2353|12,00|462,30|462,30|55,48|0||
|D100|0|1|800006985|08|00|U||395020||06062011|14062011|||203,60||2|203,60|203,60|24,43||||
|D190|000|2353|12,00|203,60|203,60|24,43|0||
|D100|0|1|800006989|08|00|U||760871||03062011|29062011|||3062,82||2|3062,82|3062,82|214,40||||
|D190|000|2353|7,00|3062,82|3062,82|214,40|0||
|D100|0|1|800006985|08|00|U||766596||11062011|30062011|||240,45||2|240,45|240,45|16,83||||
|D190|000|2353|7,00|240,45|240,45|16,83|0||
|D100|0|1|800006989|08|00|U||766597||11062011|30062011|||721,35||2|721,35|721,35|50,49||||
|D190|000|2353|7,00|721,35|721,35|50,49|0||
|D100|0|1|800006987|08|00|U||039496||06062011|14062011|||13143,44||2|13143,44|13143,44|920,04||||
|D190|000|2353|7,00|13143,44|13143,44|920,04|0||
|D100|0|1|800007129|57|00|0||000074803||16062011|30062011|0||179,57||1|179,57|0|0|179,57|||
|D190|000|2353||179,57|0|0|0||
|D990|22|
|E001|0|
|E100|01062011|30062011|
|E110|64637,17|0|0|0|36730,98|0|33751,92|0|0|0|0|0|5845,73|0|
|E111|CE020002|Crédito Antecipado|33751,92|
|E990|5|
|G001|1|
|G990|2|
|H001|1|
|H990|2|
|1001|0|
|1700|03|01|||119378|119382|201003857|
|1700|03|01|||119384|119392|201003857|
|1700|03|01|||119394|119397|201003857|
|1700|03|01|||119399|119400|201003857|
|1700|03|01|||119402|119418|201003857|
|1700|03|01|||119420|119422|201003857|
|1700|03|01|||119424|119429|201003857|
|1700|03|01|||119431|119435|201003857|
|1700|03|01|||119437|119442|201003857|
|1700|03|01|||119444|119461|201003857|
|1700|03|01|||119463|119474|201003857|
|1700|03|01|||119476|119481|201003857|
|1990|14|
|9001|0|
|9900|0000|1|
|9900|0001|1|
|9900|0005|1|
|9900|0100|1|
|9900|0150|39|
|9900|0190|5|
|9900|0200|623|
|9900|0220|66|
|9900|0500|1|
|9900|0990|1|
|9900|C001|1|
|9900|C100|174|
|9900|C170|565|
|9900|C190|178|
|9900|C400|2|
|9900|C405|48|
|9900|C420|58|
|9900|C425|666|
|9900|C490|58|
|9900|C990|1|
|9900|D001|1|
|9900|D100|10|
|9900|D190|10|
|9900|D990|1|
|9900|E001|1|
|9900|E100|1|
|9900|E110|1|
|9900|E111|1|
|9900|E990|1|
|9900|G001|1|
|9900|G990|1|
|9900|H001|1|
|9900|H990|1|
|9900|1001|1|
|9900|1700|12|
|9900|1990|1|
|9900|9001|1|
|9900|9900|40|
|9900|9990|1|
|9900|9999|1|
|9990|43|
|9999|2578|
