|0000|004|1|01072011|31072011|LOJAS CARROSSEL COMERCIO E REPRESENTACOES LTDA|23455967000163||CE|060730463|2304400|||B|1|
|0001|0|
|0005|LOJAS CARROSSEL|60125160|RUA VISCONDE DE MAUA|2085||ALDEOTA|8532614533||lojascarrossel@hotmail.com|
|0100|JOSE ADRIANO PONTES FEITOSA|26472830363|CE011117O6||60025100|RUA MAJOR FACUNDO|844|SALAS 42 E 44|CENTRO|8532532340||adrianofeitosa44@yahoo.com.br|2304400|
|0150|776|BEACH PARK HOTEIS E TURISMO S/A|1058|11805397000105|||2301000||R VIA LOCAL||RUA PORTO DAS DUNAS,|Centro|
|0150|2485|CIL COM. DE INFORM. LTDA - FOR|1058|24073694000589||062639579|2304400||ROD. BR 116, KM 06, NR 06 - MODS. 20/21||2555 MODULOS 20 E 21|CAJAZEIRAS|
|0150|3466|FORTCOLOR TINTAS E VERNIZES LTDA|1058|41334079000174||068969295|2304400||AV. FRANCISCO SA, 4581 - ALVARO WEYNE||||
|0150|11627|PRIMTEC ELETRICA LTDA|1058|73398299000158|||2304400||R Dom Sebastião Leme|951||JosÚ Bonifácio|
|0150|12450|EMPRESA DE TRANSPORTES ATLAS LTDA|1058|60664828001300||1770143812|4303103||RUA NELSON TEICHMANN 210||||
|0150|800006019|LUSITANIA EMP.TURISTICOS LTDA|1058|03586356000228||063211068|2304400||Av Beira Mar|2600||Meireles|
|0150|800006974|ESMALTEC S A|1058|02948030000230||063050536|2307650||AVENIDA PARQUE OESTE|2130||DISTRITO INDUSTRIAL|
|0150|800006976|CONEXAO TRANSPORTES DIST E LOG LTDA|1058|63318604000281|||3518800||R Rua Paschoal Ricci|30||Jardim Presidente Dutra|
|0150|800006977|LOJAS CARROSSEL COMERCIO E REPRESENTACOES LTDA|1058|23455967000163|||2304400||RUA VISCONDE DE MAUA,2085 ALDEOTA|||ALDOTA|
|0150|800006983|WHIRLPOOL S.A.|1058|59105999006036||033829900|2607901||Av . Eixo da integracao|689||Bloco C2-C3|
|0150|800006984|MLOG ARMAZEM GERAL LTDA-GUARARAPES|1058|05117268000989||18158003410011|2607901||AV.EIXO DA INTEGRACAO, 689 - Bloco C2-C3||BL.D.GLD5 SALA 01||
|0150|800006985|MABE BRASIL ELETRODOMESTICOS LTDA|1058|60736279001250||748018519117|3519071||PQ PARQUE INDUSTRIAL BS CONTINEN|||JD.SAO CAMILO|
|0150|800006986|WHIRPOOL S.A|1058|59105999003959||250050889|4209102||DONA FRANCISCA|7200||INDUSTRIAL|
|0150|800006987|MLOG ARMAZEM GERAL LTDA-JLLE|1058|05117268000806||255247770|4209102||DONA FRANCISCA 7200||||
|0150|800006989|MLOG ARMAZEM GERAL LTDA-RC|1058|05117268000555||587274102112|3543907||AV. 80-A 77||||
|0150|800006990|PANASONIC DO BRASIL LIMITADA|1058|04403408000165||062001167|1302603||Rua Matrinxa|1155||D.INDUSTRIAL|
|0150|800006991|WHIRLPOOL ELETROMESTICOS AM S.A|1058|63699839000180||062001256|1302603||Av Torquato Tapajós|7500||Colônia Terra Nova|
|0150|800006994|ZAIRTON GASPAR DE OLIVEIRA FILHO|1058||12211680372||2304400||R R.BARBOSA DE FREITAS 171 APTO 500|||MEIRELES|
|0150|800006995|YOI COMERCIAL LTDA|1058|00902927000117||114503818113|3550308||R RUA DOS ESTUADANTES,64||||
|0150|800006998|D D C INDUSTRIA E COMERCIO DE ARTEFATOS PLASTICOS LTDA ME|1058|09573964000101||063637413|2304400||RUA 1|68||PASSARE|
|0150|800007034|MLS TRANSP. E CARGAS LTDA|1058|11114508000218||336249093118|3518800||AV. JUSTINO DE MAIO, 840|840||Cidade Industrial SatÚlit|
|0150|800007042|IRMAOS FISCHER S/A IND.E COM.|1058|82984287000104||250176475|4202909||RD Antônio Heil|5600||Limoeiro|
|0150|800007047|M. SHOP COMERCIAL LTDA|1058|01490698000800||116003947116|3550308||RUA LAGUNA||365|JD CARAVELAS|
|0150|800007146|UNIMED FORTALEZA COOP.DE TRAB.LTDA|1058|05868278000107|||2304400||Av Godofredo Maciel|51||Parangaba|
|0150|800007147|ORTOGENESE COMERC E IMPORTA?AO LTDA|1058|07844429000104|||2304400||R Professor Francisco Gonçalves|29||Dionisio Torres|
|0150|800007148|A.F RIBEIRO ME|1058|06226984000100|||2304400||Av Desembargador Moreira|1763||Aldeota|
|0150|800007149|INEU IMOBILIARIA NOVO EUSEBIO LTDA|1058|09502816000198|||2304400||Av Santos Dumont|3131|A|Aldeota|
|0150|800007150|RODOVIARIO RAMOS LTDA|1058|25100223012320||671098426112|3552403||ADAUTO CAMPO DALL ORTO||S/N|JARDIM MANCHESTER|
|0150|800007151|MAGNA ENGENHARIA LTDA|1058|07292212000139|||2304400||R Padre Paulino|460||Cajazeiras|
|0150|800007152|TABOULOT MICHEL|1058||60545972302||2303709||Av dos Coqueiros|51|301-B|Cumbuco|
|0150|800007153|VICTOR CONSTRUTORA IMOBILIARIA LTDA-057937|1058|06926133000170||068134983|2304400||RUA DR JOSE LOURENCO 504|01|1|ALDEOTA|
|0150|800007154|VEGA S/A TRANSPORTES URBANO|1058|04683393000217|||2304400||Av Filomeno Gomes|664||Jacarecanga|
|0150|800007156|POSCO ENGENHARIA E CONSTRUCAO DO BRASIL LTDA|1058|13273921000170||065689119|2312403||RO CE 422 KM 11,5||S/N|Pecem|
|0150|800007158|MANHATAN BEACH RIVIERA EMP.LTDA|1058|11915575000150|||2304400||Av Santos Dumont|2122||Aldeota|
|0150|800007159|ROTECSUL COMERCIO|1058|10302464000106||78591315|3301702||Rua: Santa Cecilia|5||Figueira|
|0150|800007162|XSOLUTIONS COM.DE INFORMATICA LTDA|1058|07886223000147|||2304400||R Carlos Vasconcelos|1706||Meireles|
|0150|800007163|DANIEL PEREIRA DE ALENCAR ARARIPE|1058||64783734364||2304400||R Batista de Oliveira|1050||Papicu|
|0150|800007164|CLAUDINEI NUNES|1058||40578628384||2307650||R Paulo Batista|252||Jardim Paraíso|
|0150|800007165|ROBERTO RABELO DE VASCONCELOS|1058||71852317442||2312908||Al Amazonas|349||Colina Boa Vista|
|0150|800007166|OTO OSSIAN DE BRITO|1058||13931997472||2304400||R Coronel Juca|398||Meireles|
|0150|800007167|ANA LUCIA RAMOS PEIXOTO|1058||23429941334||2304400||Av Antônio Justa|3180|RUA PEDRO REBOUCAS ,|Meireles|
|0150|800007168|FRANCISCO MATOS NOGUEIRA|1058||27766845334||2301000||R Principal||CONDOMINIO PIER CASA|Centro|
|0150|800007169|REGINA COELI M DE CARVALHO|1058||34337138390||2304400||R R-VICENTE LINHARES 1300 AP601B|||ALDEOTA|
|0150|800007170|G.S ENGENHARIA DE SEG.E TRABALHO|1058|02696602000150|||2304400||Av Santos Dumont|847|SALA 301|Centro|
|0150|800007171|SOC.MICHELIN DE PART.IND.E COM.LTDA|1058|50567288000159|||3304557||Av das AmÚricas|700||Barra da Tijuca|
|0150|800007172|ANA MARIA CAVALCANTE E SILVA|1058||65843149366||2304400||R Paulo Morais|292||Papicu|
|0150|800007173|METAVILA INDUSTRIA METALURGICA LTDA|1058|05991206000144||0170105784|4303509||RUA DR. JOAO FERREIRA|218||MARIA DA GRACA|
|0150|800008026|LOJAS CARROSSEL COM. E REP.LTDA|1058|23455967000597||066697743|2304400||WASHINGTON SOARES||85 TERREO L.58A085|Edson Queiroz|
|0150|800008028|WHIRLPOOL S.A.|1058|59105999000348||587083307116|3543907||Av 80 A|777||Distrito Industrial|
|0150|800008040|FORTALEZA ATLANTICO HOTEIS UNDA|1058|07413279000184||061824585|2304400||Av Beira Mar|2500||Meireles|
|0150|800008054|INSTITUTO CLINICO DE FORTALEZA S/C LTDA|1058|07275084000115|||2304400||RUA FRANCISCO CALACA 1260 ALVARO WEINE|5445||FORTALEZA|
|0150|800008055|VEGA S/A TRANSPORTE URBANO(2229)|1058|04683393000136|||2304400||Ru Padre Pedro de AlenUNr|1428||Messejana|
|0150|800008056|FLASH SERVI?OS E COMERCIO LTDA ME|1058|01692677000109|||2304400||R Frei Mansueto|1225||Meireles|
|0150|800008057|ANTONIA KLAUDENIA V.TORRES|1058||00407520384||2305803||R Coronel Liberalino|1220|AV.VER.FCO DAS CHAGA|Centro|
|0190|UN|unidad|
|0190|PC|pacote|
|0190|UD|unidade|
|0190|PEC|pecote|
|0190|UM|unidade|
|0190|KT|UNIDADE|
|0190|PR|UNIDADE|
|0190|JG|jogo|
|0200|030053|REF.BRASTEMP F.FREE 420L BRM42 BR|||UN|00||||||
|0200|030130|REF.BRASTEMP F.FREE 352L BRM39 INOX|||UN|00||||||
|0220|PC|1,000|
|0200|030133|REF.BRASTEMP F.FREE 352L BRM39 BR|||UN|00||||||
|0200|030253|SEC.BRASTEMP/PISO ROTAT.BSR10A BR|||UN|00||||||
|0200|030333|LAVAROUPA BRASTEMP 11KG BWL11 INOX|||UN|00||||||
|0200|030353|LAVASECA BRASTEMP 7kg/4Kg BWS24 PRATA|||UN|00||||||
|0200|030363|LAVAROUPA BRASTEMP 8KG BWB08A|||UN|00||||||
|0220|PC|1,000|
|0200|030373|LAVAROUPA TOTAL BRASTEMP 9KG BWL09A|||UN|00||||||
|0220|PC|1,000|
|0200|030383|LAVAROUPA BRASTEMP 11Kg BWL11 BR|||UN|00||||||
|0220|PC|1,000|
|0200|030433|FOGAO BRASTEMP CLEAN 4B BFO50BB BR|||UN|00||||||
|0200|030443|FOGAO BRASTEMP CLEAN 6B BFO76BB BR|||UN|00||||||
|0200|030450|FOGAO BRASTEMP CLEAN 4B BFO50 INOX|||UN|00||||||
|0220|PC|1,000|
|0200|030460|FOGAO BRASTEMP CLEAN 6B BFO76 INOX|||UN|00||||||
|0200|030523|DEPURADOR BRASTEMP DE VILLE 4B BAA60|||UN|00||||||
|0200|030533|DEPURADOR BRASTEMP DE VILLE 6B BAA80|||UN|00||||||
|0200|030543|DEPUR.BRASTEMP QUALITY 4B XAT60 INOX|||UN|00||||||
|0200|030553|DEPUR.BRASTEMP QUALITY 6B XAT80 INOX|||UN|00||||||
|0220|PC|1,000|
|0200|030910|COOKTOP BRASTEMP 5B GAS VIDRO BDD76|||UN|00||||||
|0200|030940|FRIGO.BRASTEMP PORT/VIDRO 80L BZA08|||UN|00||||||
|0220|PC|1,000|
|0200|030960|ADEGA BRASTEMP 12GARRFAS BZC12 PRETA|||UN|00||||||
|0200|030970|FRIGOBAR BRASTEMP 120L BRC12X INOX|||UN|00||||||
|0200|031073|FOG.BRAST.ATIVE EMB.5B TIME BY776 BR|||UN|00||||||
|0200|031130|COIFA BRASTEMP BAI91 INOX|||UN|00||||||
|0200|031170|FOG.BRASTEMP ATIVE 5B EMB. BY776 INOX|||UN|00||||||
|0200|031240|ASPIRADOR PO BRASTEMP CLEAN B7B14A|||UN|00||||||
|0200|040013|REF.CONSUL F.FREE 360L CRB36 BR|||UN|00||||||
|0220|PC|1,000|
|0200|040053|REF.CONSUL 360L DUPLEX CRD36F BR|||UN|00||||||
|0200|040103|FREEZER CONSUL 260L CVU26D BR|||UN|00||||||
|0200|040133|FRIGOBAR CONSUL 120L CRC12A BR|||UN|00||||||
|0200|040173|FREEZER CONSUL 200L CVU20D BR|||UN|00||||||
|0200|040183|FREEZER CONSUL 100LTS CVT10B BRANCO|||UN|00||||||
|0200|040213|REF.CONSUL F.FREE 330L CRM33A BR|||UN|00||||||
|0200|040223|REF.CONSUL F.FREE 370L CRM37 BR|||UN|00||||||
|0220|PC|1,000|
|0200|040250|AR COND.CONSUL 7500 CCN07 C/CONT.|||UN|00||||||
|0200|040290|AR COND.CONSUL 10000 CCN10 C/CONT.|||UN|00||||||
|0200|040340|AR CONDICIONADO CONSUL 18000 CCI18C|||UN|00||||||
|0200|040383|FOG.CONSUL FACILITE 4B CF550 INOX|||UN|00||||||
|0200|040393|FOG.CONSUL FACILITE 6B CF576 INOX|||UN|00||||||
|0200|040423|LAVAROUPA CONSUL 7KG CWI07 BR|||UN|00||||||
|0220|PC|1,000|
|0200|040430|DEPURADOR CONSUL 4B CAT60 INOX|||UN|00||||||
|0220|PC|1,000|
|0200|040440|DEPURADOR CONSUL 6B CAT80 INOX|||UN|00||||||
|0220|PC|1,000|
|0200|040520|AR SPLIT CONSUL 12000BTU CBV12/CBY12|||UN|00||||||
|0200|040550|ASPIRADOR PO CONSUL LEVE C7P13B|||UN|00||||||
|0200|040560|ASPIRADOR PO CONSUL SUPER C7A14A|||UN|00||||||
|0200|070410|TV CCE 14" C/CONTROLE HPS-1497|||UN|00||||||
|0200|070420|TV CCE 14" TELA PLANA TV-1418|||UN|00||||||
|0200|090220|CENTRIFUGA NKS TSK445 BRANCA|||UN|00||||||
|0200|090240|GRILL/SANDUICHEIRA NKS I-15 PRETA/IN|||UN|00||||||
|0200|100030|FOGAO ESMALTEC SAMOA 4B INOX 4013|||UN|00||||||
|0200|100160|GELAGUA ESMALTEC EGC35B INOX PR|||UN|00||||||
|0220|UD|1,000|
|0200|100200|GELAGUA COLUNA ESMALTEC EGC35B|||UN|00||||||
|0220|UD|1,000|
|0200|100210|GELAGUA MESA ESMALTEC EGM30 BR|||UN|00||||||
|0220|UD|1,000|
|0200|101350|SALADEIRA PEPS 12CM LUMINARC 63355|||UN|00||||||
|0200|101420|PRATO CARINE SOBREM.LUMINARC D2366|||UN|00||||||
|0200|101510|PRATO CARINE RASO LUMINARC D2373/67|||UN|00||||||
|0200|120020|LIQUIDIFICADOR C/FILTRO MONDIAL L-51|||UN|00||||||
|0200|120060|PANIFICADORA MONDIAL PF-51|||UN|00||||||
|0200|120080|VENTILADOR COLUNA 40CM MONDIAL V-61|||UN|00||||||
|0200|120090|VENTILADOR 30CM MONDIAL NV-31|||UN|00||||||
|0200|120110|CIRCULADOR TORRE MONDIAL CT-01|||UN|00||||||
|0200|150040|VENTILADOR MALLORY BOREAL 30CM|||UN|00||||||
|0200|180203|F.MIC.PANASONIC FAMILY 35L NN-ST669|||UN|00||||||
|0200|180260|F.MI.PANASONIC PICCOLO NN-ST359 PRATA|||UN|00||||||
|0200|180280|TEL.S/FIO PANASONIC KXTG1371(1,9GHz)|||UN|00||||||
|0200|180290|TELEF.BINA PANASONIC KXTG1381(1,9GHZ)|||UN|00||||||
|0200|180580|RAMAL/SECRET.PANASONIC KX-TG6522|||UN|00||||||
|0200|180590|TEL.RAMAL/BINA PANASONIC KX-TG6512|||UN|00||||||
|0200|180770|TV PANASONIC LCD DTV 32" TC-L32C30B|||UN|00||||||
|0220|PEC|1,000|
|0200|180790|TV PANASONIC LCD 42" TC-L42U30B|||UN|00||||||
|0200|180920|SUPORTE P/TV LCD 17"A 60" FIXO|||UN|00||||||
|0220|UM|1,000|
|0200|180930|SUPORTE P/TV LCD 26"A 32" ARTICULADO|||UN|00||||||
|0220|UM|1,000|
|0200|220183|LAVAROUPA ELECTROLUX 9KG LTE09|||UN|00||||||
|0200|220283|F.ELECTROLUX F.FREE 236L FFE24 BR|||UN|00||||||
|0200|290060|FORNO ELETRICO SUGGAR 23L FE2322 INOX|||UN|00||||||
|0200|290190|SANDUICHEIRA SUGGAR SD-2022|||UN|00||||||
|0200|290220|LIQUID.SUGGAR LIQMAX LQ2222|||UN|00||||||
|0200|290230|GRILL COOK PRESS SUGGAR GR2042|||UN|00||||||
|0200|290260|JARRA ELETRICA SUGGAR JR1002|||UN|00||||||
|0200|290290|PANELA ELETRICA SUGGAR PE1022|||UN|00||||||
|0200|290300|CAFETEIRA SUGGAR 20XIC.INOX CF2022|||UN|00||||||
|0200|330050|FERRO WALITA AUTOMATICO RI133|||UN|00||||||
|0200|330090|BATEDEIRA WALITA RI7110|||UN|00||||||
|0200|330150|LIQUID. WALITA ALUMINIO RI2094|||UN|00||||||
|0200|330210|LIQUID. WALITA 2V RI2008|||UN|00||||||
|0200|330250|SANDUIC.WALITA GRILL 2386 PANINI|||UN|00||||||
|0200|501720|VAPOREIRA/SILICONE MIMO 998004|||UN|00||||||
|0200|502371|SUPORTE/PAREDE/UTENS.MIMO ASA9157|||UN|00||||||
|0200|520280|JG.XICARA/CAFE 4PCS ALIMP.P124|||UN|00||||||
|0200|650200|PROTETOR P/GARRAFAO AQUAXIQUE|||UN|00||||||
|0200|700590|AFIADOR FACAS HUDSON FK42181|||UN|00||||||
|0200|700650|RODO/PIA TRANSP.HUDSON ID22200|||UN|00||||||
|0200|701390|MINI ESPANADOR HUDSON SX30011|||UN|00||||||
|0200|701410|MINI LIMPADOR CABO HUDSON EV-CD|||UN|00||||||
|0200|701450|PORTA SACO HUDSON JO-05029|||UN|00||||||
|0200|701750|LUVA P/LIMPEZA/MICROF.HUDSON EVFWMM|||UN|00||||||
|0200|701760|COLHER E ESPATULA LONGA HUDSON EVLSS|||UN|00||||||
|0200|701810|POTE PLAST.CONSERVAR HUDSON MS31131|||UN|00||||||
|0200|701830|FRIGIDEIRA PORQUINHO HUDSON MS78053|||UN|00||||||
|0200|740300|KIT CANETA/ABRIDOR/VINHO PALAN.TMH966|||UN|00||||||
|0200|810170|JG.AMERICANO DIVERSO EDFORT 6PCS|||UN|00||||||
|0200|812970|KIT LIMPEZA 5PCS EDFORT SL001|||UN|00||||||
|0200|840970|PRATO GITATORIO 40CM BENC.74106|||UN|00||||||
|0200|890210|JG.6PANELAS TRAMONT.INOX 65510/200|||UN|00||||||
|0200|910781|JG.6TACAS CLAUDIA V.TINTO RICAELLE|||UN|00||||||
|0200|910782|JG.6TACAS CLAUDIA V.BRANCO RICAELLE|||UN|00||||||
|0200|940390|CAPA P/MAQUINA DE LAVAR KOUNTRY|||UN|00||||||
|0200|950010|FOGAO GAS PORTATIL CHEFS YOI PRETO|||UN|00||||||
|0220|PC|1,000|
|0200|950310|CHURRASQ.ELET.FISCHER GRILL 4513|||UN|00||||||
|0200|950370|COIFA PARED FISCHER TALENT 90cm.5456|||UN|00||||||
|0200|950490|FORNO ELETRICO FISCHER 44L INOX 9982|||UN|00||||||
|0200|040123|FRIGOBAR CONSUL 80L CRC08A BR|||UN|00||||||
|0200|100220|GELAGUA MESA ESMALTEC EGM30 ESTILO|||UN|00||||||
|0220|UD|1,000|
|0200|103300|ESPATULA INOX J.F.C|||UN|00||||||
|0200|103320|ESPUMADEIRA INOX J.F.C|||UN|00||||||
|0200|180380|MINI SYSTEM PANASONIC SC-AKX80|||UN|00||||||
|0200|502190|BAND./ALCA ONDUL.INOX GR MIMO BJ1103|||UN|00||||||
|0200|502200|BAND./ALCA OVAL INOX PQ MIMO BJ1105|||UN|00||||||
|0200|702150|CLIPS/ARAME COLOR.HUDSON 12UN PR6012|||UN|00||||||
|0200|702160|REMOVEDOR ODOR HUDSON PR6700|||UN|00||||||
|0200|950120|JG.AMERICANO 4PCS YOI AHG479|||UN|00||||||
|0200|030093|FREEZER BRASTEMP F.F 280L BVR28 BR|||UN|00||||||
|0200|030123|REF.BRASTEMP INVERSE 422L BRE50 INOX|||UN|00||||||
|0200|031120|COIFA BRASTEMP BAI60 INOX|||UN|00||||||
|0200|031160|FOG.BRAST.ATIVE 5B TIMER BF776 INOX|||UN|00||||||
|0200|031190|FOG.BRASTEMP.ATIVE 4B GRILL BF850 BR|||UN|00||||||
|0200|040203|REF.CONSUL F.FREE 330 CRM33 INOX|||UN|00||||||
|0200|051323|REFRIGER.BOSCH DUPLEX 342L KSV36 BR|||UN|00||||||
|0220|PEC|1,000|
|0200|120130|ESPREMEDOR PREMIUM MONDIAL E-02|||UN|00||||||
|0200|180910|REF.PANASONIC INVERTER 512L NRD512YZ|||UN|00||||||
|0200|220133|LAVAROUPA ELECTROLUX 15KG LA15F|||UN|00||||||
|0200|270020|TV LG 23" LED/MONITOR FULL HD M2380A|||UN|00||||||
|0200|330030|LIQ.WALITA 3V FILTRO/ESPATULA RI2034|||UN|00||||||
|0200|500050|CAFETEIRA ALUM.P/9 XIC.MIMO AF09|||UN|00||||||
|0200|500820|ESCUMADEIRA MIMO ASA3|||UN|00||||||
|0200|700740|JG 5CLIPS P/SACO HUDSON EVPCMULTI|||UN|00||||||
|0200|700970|MIXER HUDSON FK42568|||UN|00||||||
|0200|701430|PENDURA BOLSA HUDSON EV-PH-ASST|||UN|00||||||
|0200|702180|ESCORREDOR/PRATO/DOB.HUDSON PRCDD100|||UN|00||||||
|0200|702240|RECIPIENTE P/ALHO HUDSON FK47373|||UN|00||||||
|0200|813550|GARRAFA TERMICA 1L COLOR EDFORT GAF|||UN|00||||||
|0200|880030|FRIGIDEIRA 24 PROFIS.MULT.46024|||UN|00||||||
|0200|890550|JG.PANELAS TRAMONT.5PCS 65650700|||UN|00||||||
|0200|104090|JG.BANHEIRO 4PCS KABALLA SORTIDOS|||UN|00||||||
|0200|200360|DVD PHILIPS KARAOKE/MIC.DVP-3350KMX|||UN|00||||||
|0200|500810|RALADOR 4FACES QUAD.8 MIMO ASA8|||UN|00||||||
|0200|031030|FOG.BRASTEMP ATIVE EMB.4B INOX BY750|||UN|00||||||
|0200|040143|REF.CONSUL DEGELO SECO 300L CRA30 BR|||UN|00||||||
|0200|050840|DEP.BOSCH PROFESSIONAL 6B DHB845 INOX|||UN|00||||||
|0200|090280|FORNO ELETRICO NKS DKS-690|||UN|00||||||
|0200|150410|TORRADEIRA MALLORY TOSTARE PLUS|||UN|00||||||
|0200|500081|JG.4TACAS SILVER MARTINE MIMO TCS04|||UN|00||||||
|0200|680940|QUEIJEIRA VERONA SOYUS|||UN|00||||||
|0200|702210|JG.JANTAR REDONDO 20PCS HUDSON GL116|||UN|00||||||
|0200|840620|PRATO GIRAT.35CM BENC.740|||UN|00||||||
|0200|840980|PRATO GITATORIO 45CM BENC.74107|||UN|00||||||
|0200|902680|TABUA P/CORTE/BAMBU 30X20 FULL 13508|||UN|00||||||
|0200|1201|Branco Brilho|||UM|00||||||
|0220|UN|1,000|
|0200|180390|DVD HOME THEATER PANASONIC SC-PT580LB|||UN|00||||||
|0200|700320|TAMPA P/LATA REFRIG.HUDSON JO-05101|||UN|00||||||
|0200|030860|REF.BRAST.SIDE BY SIDE 658L BRS70 INOX|||UN|00||||||
|0220|PC|1,000|
|0200|030870|REF.BRAST.SIDE BY SIDE 620L BRS62 INOX|||UN|00||||||
|0200|100053|FOGAO ESMALTEC HAWAII 6B 6005 BR|||UN|00||||||
|0200|160120|PANELA ELET.P/ARROZ OSTER 6028|||UN|00||||||
|0200|501110|FAQUEIRO 72PCS MIMO MAL.AT72A/AT1072A|||UN|00||||||
|0200|502202|BAND.REDONDA/ALCA INOX MIMO BJ1107|||UN|00||||||
|0200|901130|6TACAS SORVETE.JULIA FULL 55604|||UN|00||||||
|0200|950300|CHURRASQ.ELET.FISCHER SWIFT 4665|||UN|00||||||
|0200|030630|LAVALOUCA BRASTEMP 8SERV.PLE20 PRATA|||UN|00||||||
|0200|031100|F.MIC.BRASTEMP GRATINE 30L BMX35 INOX|||UN|00||||||
|0200|050543|FOGAO CONT.PERFETTO 4B FSF12 BR|||UN|00||||||
|0200|050830|DEP.BOSCH PROFESSIONAL 4B DHB645 INOX|||UN|00||||||
|0200|101320|PRATO FUNDO PEPS LUMINARC 63376|||UN|00||||||
|0200|120040|MINI PROCESSADOR MONDIAL MP-01|||UN|00||||||
|0200|120050|GRILL PREMIUM MONDIAL G-01|||UN|00||||||
|0200|120140|FERRO SECO NACIONAL MONDIAL F-11|||UN|00||||||
|0200|180180|F.MIC.PANASONIC PICCOLO NN-ST362 PRATA|||UN|00||||||
|0200|180253|F.MIC.PANASONIC PERFECT NN-ST568|||UN|00||||||
|0200|180263|F.MIC.PANASONIC PICCOLO NST369 LIGHT|||UN|00||||||
|0200|220403|FOGAO ELECTROLUX 5B 76STX INOX|||UN|00||||||
|0200|330020|LIQUIDIFICADOR WALITA 3V RI2035/00|||UN|00||||||
|0200|330240|ESPREMEDOR|||UN|00||||||
|0200|531310|RELOGIO PAREDE 17,5CM ROG.9826|||UN|00||||||
|0200|670890|AGUA PERFUMADA P/AMBIENTE 230ML|||UN|00||||||
|0200|700640|RALO DE PIA HUDSON FK61055|||UN|00||||||
|0200|701420|MINI LIMPADOR HUDSON EV-FGR-M|||UN|00||||||
|0200|701610|CABIDE METAL/CINTO HUDSON RI66955|||UN|00||||||
|0200|760061|FRUTEIRA C/PE BRILHANTE 06/393/27|||UN|00||||||
|0200|812010|LUVAS/SILICONE EDFORT GL234|||UN|00||||||
|0200|813030|PETISQUEIRA 21CM EDFORT HP002|||UN|00||||||
|0200|850050|CHAPA DUPLA FACE 280X230 FUMIL|||UN|00||||||
|0200|902230|GARRAFA P/AGUA 1000ML FULL 14893|||UN|00||||||
|0200|902270|FRIG.WOK TP/VIDRO 32CM FULL 13892|||UN|00||||||
|0200|030293|LAVALOUCA BRASTEMP 8SERV.BLE20 BR|||UN|00||||||
|0200|040233|REF.CONSUL F.FREE 450L CRM45 INOX|||UN|00||||||
|0200|050553|FOGAO CONT. PERFETTO 6B FSK12 BR|||UN|00||||||
|0200|050630|FOGAO CONT.G.PRIX 5B EMB.FEK14X INOX|||UN|00||||||
|0200|050683|REFRIG. CONTINENTAL 270L RC27 BR|||UN|00||||||
|0200|050983|REF.BOSCH F.FREE 403L KDN43A BR|||UN|00||||||
|0200|051220|FOG.BOSCH STYLE GRILL 4B HSF43I INOX|||UN|00||||||
|0200|090010|FORNO ELETRICO NKS DKS-650C|||UN|00||||||
|0200|100013|FOGAO ESMALTEC CARIBE 4B BR|||UN|00||||||
|0200|700790|POTE RET.C/3DIV.1L HUDSON KX71511|||UN|00||||||
|0200|760860|PRATO C/PE BRILHANTE 16/088/34|||UN|00||||||
|0200|902650|ESCOVA/BANHEIRO/SUP.PAPEL FULL 13015|||UN|00||||||
|0200|500390|CAFETEIRA INOX P/6 XIC.MIMO AFA06|||UN|00||||||
|0200|700510|CAB.P/GRAV.20POSIC.HUDSON EVTATW|||UN|00||||||
|0200|040453|LAVAROUPA CONSUL 6KG CWI06 BR|||UN|00||||||
|0200|680660|SALADEIRA PANDORA 360 SOYUS|||UN|00||||||
|0200|700270|TELA P/ALIMENTOS HUDSON FK44480|||UN|00||||||
|0200|701260|POTE QUADRADO 5,2L HUDSON KX71526|||UN|00||||||
|0200|701730|PA/LIXO/ESCOVA HUDSON CB56211|||UN|00||||||
|0200|740240|JG.P/VINHO 4PCS PALANI ZX928L|||UN|00||||||
|0200|950090|BUTANO IWATANI 250GR YOI|||UN|00||||||
|0220|PC|1,000|
|0200|150420|VENTILADOR MALLORY ZEFIRO 40CM|||UN|00||||||
|0200|101310|PRATO RASO PEPS LUMINARC 63371|||UN|00||||||
|0200|900671|JG.12GARFOS P/PETISCO FULL.16684|||UN|00||||||
|0200|502381|APOIO MULTIUSO SILIC.MIMO SN1056|||UN|00||||||
|0200|910670|PRATO P/BOLO KING 33CM RICAELLE DL13P|||UN|00||||||
|0200|040163|REF.CONSUL 241L DISPENSER CRP28B BR|||UN|00||||||
|0200|180550|DVD HOME THEATER PANASONIC SC-PT75LB|||UN|00||||||
|0200|700760|POTE RETANG. 2,4L HUDSON KX71505|||UN|00||||||
|0200|701250|POTE QUADRADO 3,1L HUDSON KX71523|||UN|00||||||
|0200|702070|POTE RETANG.HUDSON 450ML KX71502|||UN|00||||||
|0200|950262|BANDEJA 42X29 YOI GIRAFA/ZEBRA M|||UN|00||||||
|0200|103290|ESPATULA PERFURADA INOX J.F.C|||UN|00||||||
|0200|700242|POTE PLAST.P/CONSERVA HUDSON MS31315|||UN|00||||||
|0200|200390|DISC PLAYER PHILIPS BLUR-RAY BDP3100X|||UN|00||||||
|0200|910950|PORTA GELO 15CM RICAELLE 97126/150|||UN|00||||||
|0200|911040|SALADEIRA RONA 24CM RICAELLE 5150/240|||UN|00||||||
|0200|940360|AVENTAL AFLANELADO JAQUES 002|||UN|00||||||
|0200|103280|CONCHA INOX J.F.C|||UN|00||||||
|0200|500613|FACA DO CHEFE CABO/COLOR MIMO ALA1084|||UN|00||||||
|0200|950263|BANDEJA 48X35 YOI GIRAFA G|||UN|00||||||
|0200|270010|TV SANSUNG 20" LCD/MONITOR 2033M|||UN|00||||||
|0200|030143|FREEZER BRASTEMP 240L BVG24G BR|||UN|00||||||
|0200|030830|FREEZER BRASTEMP F.F 280L BVR28 INOX|||UN|00||||||
|0200|030850|REF.BRASTEMP ALL 360L BRF36 INOX|||UN|00||||||
|0220|PC|1,000|
|0200|031093|FORNO MIC.BRASTEMP ATIVE 30L BMS45BR|||UN|00||||||
|0220|PC|1,000|
|0200|031110|F.MIC.BRASTEMP KING SIZE 38L BMX40 INOX|||UN|00||||||
|0200|031180|FOG.BRASTEMP 5B GOURMAND BF976 INOX|||UN|00||||||
|0200|031250|ASPIRADOR PO BRASTEMP FLY B7V09A|||UN|00||||||
|0200|040360|CLIMATIZADOR CONSUL PORTATIL CIF06AB|||UN|00||||||
|0200|040530|AR SPLIT CONSUL 9000BTU CBV09/CBY09|||UN|00||||||
|0200|040540|AR SPLIT CONSUL 18000BTU CBV18/CBY18|||UN|00||||||
|0200|070430|TV CCE 21" TELA PLANA TV2118|||UN|00||||||
|0200|103110|KIT.RODO,BALDE,REFIL,ROTECSUL|||UN|00||||||
|0220|KT|1,000|
|0200|103120|REFIL P/RODO ROTECSUL|||UN|00||||||
|0200|180243|F.MIC.PANASONIC STYLE NNGD587 INOX|||UN|00||||||
|0200|180320|TELEFONE PANASONIC KX-TS9LBW|||UN|00||||||
|0200|180940|SUPORTE P/TV LCD 37"A 42" ARTICULADO|||UN|00||||||
|0220|PR|1,000|
|0200|200370|MICRO SYSTEM PHILIPS MCM-166X/78|||UN|00||||||
|0200|200480|RADIO CD PHILIPS MP3 AZ-302S|||UN|00||||||
|0200|250520|ADEGA GE P/23 GARRAFAS AVGEP23|||UN|00||||||
|0200|290033|DEPURADOR SUGGAR SIRIUS 4B DS62 BR|||UN|00||||||
|0200|290053|DEPURADOR SUGGAR SIRIUS 6B DS82 BR|||UN|00||||||
|0200|290200|PASSADEIRA SUGGAR/VAPOR PV4261|||UN|00||||||
|0200|290210|PASSADEIRA SUGGAR/VAPOR/PROF.PV6282|||UN|00||||||
|0200|290250|BATEDEIRA BATPLUS SUGGAR BT9022 INOX|||UN|00||||||
|0200|500160|CAFETEIRA ALUM.P/3 XIC.MIMO AF03|||UN|00||||||
|0200|660230|GARRAFA TERM.MELODY QUICK 1L COLOR|||UN|00||||||
|0200|701070|SUP. P/COZ.OVO POCHE HUDSON MS50560|||UN|00||||||
|0200|902511|JG.6TACAS SOBREMESA VEGA FULL 56589|||UN|00||||||
|0200|902740|JG.6GARFOS/PETISCO SORT.FULL 1415|||UN|00||||||
|0200|950330|COIFA ISLAND FISCHER 5455|||UN|00||||||
|0200|500082|JG.4TACAS SILVER P/AGUA MIMO TCS02|||UN|00||||||
|0200|031150|FOG.BRASTEMP ATIVE 5B GRILL BF876 BR|||UN|00||||||
|0200|120170|KIT COZINHA COMPLETA MONDIAL KT06|||UN|00||||||
|0200|290270|FERRO MADRI SUGGAR S/FIO FR4022|||UN|00||||||
|0200|812120|PINCA P/CHURRASCO 13CM EDF.GL204|||UN|00||||||
|0200|813440|MEDIDOR 600ML EDFORT GL321|||UN|00||||||
|0200|950231|JG.PANELAS VM ASD 4PCS YOI 9531|||UN|00||||||
|0220|JG|1,000|
|0200|500411|BATEDOR DE OVO SILICONE MIMO SN914|||UN|00||||||
|0200|500610|FACA 23CM MIMO ASA39|||UN|00||||||
|0200|500700|VASO CANELADO 20CM ALT.MIMO VD24|||UN|00||||||
|0200|950063|PRATO BALI PEQ.FOLHA 5CM YOI 23357|||UN|00||||||
|0200|160110|CAFETEIRA PROGRAM.OSTER 24XIC.4281|||UN|00||||||
|0200|700490|JG.10 ANEIS P/MEIAS HUDSON EV-SP10|||UN|00||||||
|0200|902580|COOLER P/LATINHA FULL 15789 PRETO|||UN|00||||||
|0200|031140|F.MIC./ELET.BRASTEMP 31L BMD35 ALUM.|||UN|00||||||
|0200|290280|GRILL PETISCO SUGGAR GR3032|||UN|00||||||
|0200|501140|COLHER P/ARROZ MIMO ASA2|||UN|00||||||
|0200|890560|BAIXELA TRAMONT.COSMOS 7PCS 64310080|||UN|00||||||
|0200|901511|PRATO P/BOLO C/PE VIDRO FULL 16647|||UN|00||||||
|0200|700880|CLIPS P/SACO HUDSON PR6014|||UN|00||||||
|0200|051210|FOG.BOSCH STYLE GRILL 5B HSK44I INOX|||UN|00||||||
|0200|090130|RADIO RELOGIO AM/FM NKS GL-324|||UN|00||||||
|0200|501771|CESTO MED.RET.ALCA RETA MIMO YK9122|||UN|00||||||
|0200|701590|PORTA SAPATOS/CABIDE HUDSON RI2546W|||UN|00||||||
|0200|220460|FORNO ELETRICO ELECTROLUX OE6MX INOX|||UN|00||||||
|0200|050620|FOGAO CONT.G.PRIX 5B FSK14I INOX|||UN|00||||||
|0200|701270|POTE RETANG.2DIV.HUDSON KX71596|||UN|00||||||
|0200|890100|FRIGID.ALUM.20CM TRAMONTINA COLOR|||UN|00||||||
|0200|050600|FOGAO CONT.SPLENDIDO 4B INOX|||UN|00||||||
|0200|103240|JOGO P/BANHEIRO 4PCS J.F.C|||UN|00||||||
|0200|180350|FAX PAPEL PLANO PANASONIC KX-FP207BR|||UN|00||||||
|0200|040460|CENTRIFUGA CONSUL SEC FACIL C2A05B|||UN|00||||||
|0200|101410|JARRA ROC 1,8L LUMINARC 62795|||UN|00||||||
|0200|103250|JOGO GALHETEIRO 5PCS J.F.C|||UN|00||||||
|0200|103100|TOALHA ROSTO BORDADA|||UN|00||||||
|0200|970120|JG.JANTAR 20PCS 2FILETES D1442 CONTHEY|||UN|00||||||
|0200|290320|CHURRASQUEIRA GAS SUGGAR CH3001|||UN|00||||||
|0200|502382|PRENDEDOR/EMB.SILIC.4PCS MIMO SN1063|||UN|00||||||
|0200|670510|FACA TRAMONTINA PROF.MASTER N.10|||UN|00||||||
|0200|220590|SPLIT ELECTROLUX 9000BTU PE09F/PI09F|||UN|00||||||
|0200|950062|BOWL BALI 5CM YOI 23356|||UN|00||||||
|0200|950061|TRAVESSA BALI 48CM YOI 22430B|||UN|00||||||
|0200|950064|SALADEIRA BALI PEQ.13CM YOI 221923|||UN|00||||||
|0200|SC-PT580LB-K|DCR-E2010/06648-5-CONJUNTO DE SOM C/HOME|7896067231845||PEC|00||||||
|0200|030393|LAVAROUPA BRASTEMP ATIVE MJ 9K BWT09|||UN|00||||||
|0200|104030|COPO P/SUCO KABALLA SORTIDOS 10220|||UN|00||||||
|0200|500040|CAFETEIRA ALUM.P/6 XIC.MIMO AF06|||UN|00||||||
|0200|500171|CHALEIRA COLORIDA MIMO AJ101|||UN|00||||||
|0200|501780|CESTO PEQ.RET.ALCA OVAL MIMO YK9127|||UN|00||||||
|0200|890360|FAQUEIRO LAGUNA 42PCS TRAMOT.66906/774|||UN|00||||||
|0200|890370|FAQUEIRO LAGUNA 76PCS TRAMOT.66906/30|||UN|00||||||
|0200|900900|PILAO INOX CAB.PLAST.FULL 13956|||UN|00||||||
|0200|950350|FOG. ELET.DIG.INDUCAO FISCHER 1Q 12828|||UN|00||||||
|0200|950360|COOKTOP VIDRO 4B FISCHER PR 1519-5713|||UN|00||||||
|0200|950450|F.MICROONDAS FISCHER EMB.INOX 6946|||UN|00||||||
|0200|950460|COIFA PARED FISCHER TALENT 60cm.9347|||UN|00||||||
|0200|120150|LIQUIDIFICADOR 2V MONDIAL L-26|||UN|00||||||
|0200|501130|CONCHA MIMO ASA1|||UN|00||||||
|0200|900060|FORMA P/OVO SILICONE FULL 1477|||UN|00||||||
|0200|902710|JG.5FACAS/QUEIJO FULL 13774|||UN|00||||||
|0200|031260|F.MIC.BRASTEMP OVEN GRIL 30L BMT45 INOX|||UN|00||||||
|0200|500170|CHALEIRA INOX MIMO AJ10129|||UN|00||||||
|0200|500510|RALADOR PARA MESA 9" MIMO ASA09|||UN|00||||||
|0200|500790|GARFO P/COZINHA MIMO ASA4|||UN|00||||||
|0200|501080|ESPATULA FECHADA MIMO ASA6|||UN|00||||||
|0200|501270|PORTA GUARDANAPO MIMO AC703|||UN|00||||||
|0200|120070|CENTRIFUGA JUICE MONDIAL CF-02|||UN|00||||||
|0200|500140|JG UTENCIL.C/7P?S(PAREDE)AS7A MIMO|||UN|00||||||
|0200|660261|JG.4FACAS P/PATE LINEA M.SHOP 30006|||UN|00||||||
|0200|105105|PORTA FRIOS 3PCS GUINDER 7211|||UN|00||||||
|0200|700730|JG 3CLIPS/TRAVA HUDSON EVCLBC|||UN|00||||||
|0200|701620|SACOLA/LAVAND.45X25 HUDSON WE375145|||UN|00||||||
|0200|813560|GARRAFA TERMICA 1L EDFORT GAF12/14|||UN|00||||||
|0200|890500|JG. P/SERVIR OVAL 3PCS 64510184|||UN|00||||||
|0200|500090|JG.UTENCIL.C/07PCS(GIRAT.)MIMO AS7|||UN|00||||||
|0200|501770|CESTO PEQ.RET.ALCA RETA MIMO YK9126|||UN|00||||||
|0200|501790|CESTO QUADR.ALCA OVAL MIMO YK9129 GR.|||UN|00||||||
|0200|120030|MINIFORNO MONDIAL FR-02|||UN|00||||||
|0200|701080|ESPELHO CROMADO/PE HUDSON WE168921|||UN|00||||||
|0200|940350|KIT CAIPIRINHA PLAST SHOW|||UN|00||||||
|0200|120120|CENTRIFUGA PREMIUM MONDIAL CF-01|||UN|00||||||
|0200|105101|CESTO P/COZI/FRIT.GUINDER 5873|||UN|00||||||
|0200|500270|JG.4 POTES/VIDRO INOX C/TP VD16 MIMO|||UN|00||||||
|0200|106010|BANDEJA GIRAT.MADEIRA BEHLING BG1|||UN|00||||||
|0200|702080|POTE RETANG.HUDSON 1,1L KX71504|||UN|00||||||
|0200|813640|FACA P/QUEIJO EDFORT DECORADA GD12|||UN|00||||||
|0200|500123|SALEIRO/PIMENT.INOX MIMO 2PCS AQ04|||UN|00||||||
|0200|103030|TOALHA LAVABO BORDADA DECORADA|||UN|00||||||
|0200|890321|CACAROLA 2ALCAS INOX TRAMONT. 62653|||UN|00||||||
|0200|890081|BANDEJA RETANGULAR TRAMONTINA 61529|||UN|00||||||
|0200|500552|PORT RETRATO C/AÇO 10X15 MIMO PF 9110|||UN|00||||||
|0200|660291|JG.P/QUEIJO 4PCS 60006|||UN|00||||||
|0200|660262|JG.4FACAS P/PATE PEROLA M.SHOP 30014|||UN|00||||||
|0200|030030|REF.BRASTEMP F.FREE 429L BRM48 INOX|||UN|00||||||
|0200|030100|REF.BRASTEMP F.FREE 429L BRM50 INOX|||UN|00||||||
|0220|PC|1,000|
|0200|030103|REF.BRASTEMP F.FREE 429L BRM50 BR|||UN|00||||||
|0220|PC|1,000|
|0200|180970|REF.PANASONIC INVERTER 473L NRB461YZ|||UN|00||||||
|0200|200510|DVD HOME THEATER PHILIPS HTS3181|||UN|00||||||
|0200|290340|MIXER SUGGAR MX2022|||UN|00||||||
|0200|330010|LIQUID.WALITA 3V FILTRO PP RI2035/10|||UN|00||||||
|0200|330130|PROCESSADOR COMPACTO WALITA RI7620|||UN|00||||||
|0200|680390|TACA MARTINE PE BAIXO CRISTAL SOYUS|||UN|00||||||
|0200|812560|JG.4FACAS/TABUA EDFORT GL277|||UN|00||||||
|0200|812910|JG.2DESCANSO PANELA INOX EDF.GAL2|||UN|00||||||
|0200|813360|BALDE P/PIPOCA PLAST.EDF.MEDIO SX96|||UN|00||||||
|0200|840431|JG.FONDUE 7PCS 980ML BR BENC.40092|||UN|00||||||
|0200|840432|JG.FONDUE 300ML BR BENC.40086|||UN|00||||||
|0200|840870|JG.3MINI PETISQUEIRA BENC.40080|||UN|00||||||
|0200|840951|JG.4APOIOS VIDRO REDONDO.BENC.74142|||UN|00||||||
|0200|901930|TABUA/VIDRO/SORTID.20X30 FULL|||UN|00||||||
|0200|950230|SOUPLAT CORES DIVERSAS YOI PLAST.|||UN|00||||||
|0200|950440|FORNO ELET.EMB.LUMEN FISCHER 7399|||UN|00||||||
|0200|200520|DVD PHILIPS DVP-3520|||UN|00||||||
|0200|680501|SALADEIRA GRANDE OUTONO SOYUS|||UN|00||||||
|0200|820131|SALEIRO/PIMENT.2PCS QUADRIF.KDC9536|||UN|00||||||
|0200|030033|REF.BRASTEMP F.FREE 403L BRM48 BR|||UN|00||||||
|0200|031273|FOG.BRASTEMP.ATIVE 5B GRILL BF876 INOX|||UN|00||||||
|0200|902810|COFRE/CARRINHO FULL 1546|||UN|00||||||
|0200|813230|PORTA CONDIMENTOS EDFORT SN126|||UN|00||||||
|0200|813371|BALDE P/PIPOCA PLAST.EDF.PEQ.SX96|||UN|00||||||
|0200|813650|PRATO GIRAT.P/QUEIJO EDFORT GL36|||UN|00||||||
|0200|812040|DESCANSO/PANELAS EDFORT GL236|||UN|00||||||
|0200|880320|FORMA P/PIZZA 40 ALUM.MULTIF.27140|||UN|00||||||
|0200|040470|FORNO MIC.CONSUL 25L CMY34 INOX|||UN|00||||||
|0200|840771|BANDEJA RETANG.42X26 BENCAF.8802|||UN|00||||||
|0200|902481|ESCORREDOR 22X15 PEQ.FULL 2006|||UN|00||||||
|0200|030153|REF.BRASTEMP INVERSE 573L BRE80ABB BR|||UN|00||||||
|0200|101520|JG.6TACAS SOBREM.MALDIVES LUMI.63542|||UN|00||||||
|0200|180800|CAMERA DIG.PANASONIC DMC-SILB|||UN|00||||||
|0200|521150|TRAVESSA C/TAMPA PETIT ALIMP. MFG|||UN|00||||||
|0200|810291|CESTO P/LIXO EM LATA C/DES.EDF.LAT09|||UN|00||||||
|0200|900081|VENTILADOR P/CHURRASCO FULL 13095|||UN|00||||||
|0200|940340|KIT TABUA/MART./AFIADOR GR.PLAST.|||UN|00||||||
|0200|101160|POTE HERMETICO 0,5L LUMI.CO526|||UN|00||||||
|0200|200030|TV PHILIPS LCD 26" 26PFL3404/78|||UN|00||||||
|0200|200210|DVD PORTATIL PHILIPS LCD 7" PET-736|||UN|00||||||
|0200|680280|QUEIJEIRA BRASIL GRANDE SOYUS|||UN|00||||||
|0200|710320|ESCORREDOR 20P.CRISTAL MAKINOX|||UN|00||||||
|0200|811700|ESPATULA/SILICONE EDF.GL172|||UN|00||||||
|0200|650310|PORTA/OLEO/VIDRO FOSCO YANGZI 4232|||UN|00||||||
|0200|840800|CJ.6APOIOS/VIDRO RED.BENC.74063|||UN|00||||||
|0200|680500|SALADEIRA GIGANTE OUTONO SOYUS|||UN|00||||||
|0200|950141|JG.JANTAR ALLURE SILVER 20PCS YOI|||UN|00||||||
|0220|JG|1,000|
|0200|813480|JG. C/2 BOWL EDFORT BAO23|||UN|00||||||
|0200|902470|SUP.SACHE/CHA FULL 15047|||UN|00||||||
|0200|840421|TRAVESSA QUADRAD.18X18 BENCAF.71030|||UN|00||||||
|0200|840422|TRAVESSA QUADRAD.20X20 BENCAF.71031|||UN|00||||||
|0200|813570|GARRAFA TERMICA 1L EDFORT INOX GAF|||UN|00||||||
|0200|840840|TRAVESSA QUAD.C/TP VIDRO BENC.40021|||UN|00||||||
|0200|030223|REF.BRASTEMP GOURMAND 500 BRX50 INOX|||UN|00||||||
|0200|910910|VASO FOR YOUR 28CM RICAELLE 82581/280|||UN|00||||||
|0200|103121|ENPONJA ROTECSUL|||UN|00||||||
|0200|521160|COPO ABBY 75ML ALIMP. MFS142|||UN|00||||||
|0200|101491|PUREBOX POTE RETANG. LUMIN. G3185|||UN|00||||||
|0200|903573|JG.30TACAS DIANA CRISTAL FULL 56514|||UN|00||||||
|0200|521120|CANECA P/SOPA C/COLHER ALIMP.ECO709|||UN|00||||||
|0200|840541|PETISQUEIRA 4DIV. 21X21 BENC.94009|||UN|00||||||
|0200|810392|JG.2CAIXA FIBRA SINTETICA EDF.SB009|||UN|00||||||
|0200|810393|JG.3CAIXA FIBRA SINTET.C/TP EDF.SB010|||UN|00||||||
|0200|810522|TRAVESSA REFRAT ESTRELA EDF M BA071|||UN|00||||||
|0200|903381|CANECA HANADEKA TREVO 260ML FULL 3500|||UN|00||||||
|0200|200040|TV PHILIPS LCD 40" 40PFL3605|||UN|00||||||
|0200|840631|PROVOLONEIRA 21CM BENCAFIL 71044|||UN|00||||||
|0200|810562|SALADEIRA REDONDA PORC. EDF.RH333|||UN|00||||||
|0200|841101|PRATO P/SERVIR 25X13CM.BENC.94002|||UN|00||||||
|0200|940450|TABUA DE PASSAR HOMIE PLUS F2144|||UN|00||||||
|0200|030013|REF.BRASTEMP ALL 360L BRF36 BR|||UN|00||||||
|0220|PC|1,000|
|0200|030283|MINI LAVAROUPA BRASTEMP 1KG BWI01|||UN|00||||||
|0200|030760|FORNO A GAS EMB.BRASTEMP BOA61 INOX|||UN|00||||||
|0200|030770|FORNO ELETRICO BRASTEMP BOB61 INOX|||UN|00||||||
|0220|PC|1,000|
|0200|031283|FOG.BRAST.ATIVE GRIL EMB.5B BY876INOX|||UN|00||||||
|0200|180270|F.MIC.PANASONIC PICOLO STYLE NNST341|||UN|00||||||
|0200|180273|F.MIC.PANASONIC PERFECT NNST571|||UN|00||||||
|0200|900450|JG.P/QUEIJO/TAB/VID.4PCS FUL.14837|||UN|00||||||
|0200|903180|JG.2BALDES P/PIPOCA FULL 16169|||UN|00||||||
|0200|900431|JG.AMERICANO P/COPOS 6PCS FULL 1731|||UN|00||||||
|0200|902610|JG.30TACAS BOHEMIA JULIA FULL 55600|||UN|00||||||
|0200|880150|PAELLERA 34 C/ALCA MULT.45034|||UN|00||||||
|0200|901313|JG.3COPOS ALTO 355ML FULL 46116|||UN|00||||||
|0200|810920|RALADOR/QUEIJO EDF.GL282|||UN|00||||||
|0200|901312|JG.6COPOS 37ML C.BLANCA FULL 46180|||UN|00||||||
|0200|903170|BALDE P/PIPOCA PLAST. FULL 16168|||UN|00||||||
|0200|700570|ESCOVA P/GRELHA HUDSON FK41586|||UN|00||||||
|0200|701200|COLHER P/SORVETE HUDSON FK45981|||UN|00||||||
|0200|790060|TACAS/SORVETE 6PCS COUNTRY GLOBAL.|||UN|00||||||
|0200|060230|ESTEIRA ELETRICA CALOI CLEIO CLASS|||UN|00||||||
|0200|500541|MOEDOR/PIMENTA/SAL.MAD/INOX PEQ.AM02|||UN|00||||||
|0200|902590|COOLER P/LONG NECK FULL 15792 PRETA|||UN|00||||||
|0200|903090|FAQ.INOX 24PCS C/SUP.FULL 15823|||UN|00||||||
|0200|980200|GARRAFA P/AGUA PLASVALE 2L R.618|||UN|00||||||
|0200|610020|JG.6 TACAS BARCELONA F&S|||UN|00||||||
|0200|761150|BANDEJA 45CM BRILH.00/026/45|||UN|00||||||
|0200|900951|JG.5 MEXEDORES DRINKS FULL.15849|||UN|00||||||
|0200|970680|JG.AMERICANO 8PCS CONTHEY D146911|||UN|00||||||
|0200|520351|PETISQUEIRA SMART 26X26 ALIMP RS811S|||UN|00||||||
|0200|900432|DESCASCADOR LARANJA VACU FULL 21076|||UN|00||||||
|0200|900454|JG P/QUEIJO&PAES 25CM 4PÇS FULL 17365|||UN|00||||||
|0200|900456|JG P/QUEIJO&PAES 4PÇS FULL 17367|||UN|00||||||
|0200|520742|BALDE ACRILICO VINHO ORBIT B34015S|||UN|00||||||
|0200|030900|COOKTOP BRASTEMP 4B GAS VIDRO BDD61|||UN|00||||||
|0200|100063|FOGAO ESMALTEC HAVAII 4B BR 4005|||UN|00||||||
|0200|101430|JG.6XICARA/CHA QUAD.LUMIN.D2371|||UN|00||||||
|0200|102010|RELOGIO PORTA CANETA OZ ZXH807|||UN|00||||||
|0200|103230|PORTA JOIA VIDRO J.F.C|||UN|00||||||
|0200|220353|REFRIG.ELECTROLUX 500L DF50X INOX|||UN|00||||||
|0200|700480|DESC. P/FERRO SILIC.HUDSON EV-IOM|||UN|00||||||
|0200|700543|COLHER SORVETE/DOSAGE HUDSON JO229494|||UN|00||||||
|0200|700711|PORTA PANO P/PORTA HUDSON ID57270|||UN|00||||||
|0200|701322|DESCASCADOR VEGETAIS HUDSON PR3356|||UN|00||||||
|0200|701360|JG.3COLHER/MADEIRA HUDSON PR3089|||UN|00||||||
|0200|701391|MINI ESCORREDOR ALIMEN.HUDSON PRCC6|||UN|00||||||
|0200|701800|ABRIDOR MULTIUSO HUDSON JO06042|||UN|00||||||
|0200|710030|PORTA TALHER MAK INOX|||UN|00||||||
|0200|811990|PEGADOR UNIV.26CM EDF.GL224 AZ|||UN|00||||||
|0200|813520|CUMBUCA P/SOPA C/COLHER EDFORT RH3|||UN|00||||||
|0200|870110|CASQUINHA DE SORVETE PEQ. ART.|||UN|00||||||
|0200|160140|TORRADEIRA OSTER 6335|||UN|00||||||
|0200|700801|POTE RET.C/4DIV.700ML HUDSON KX71524|||UN|00||||||
|0200|701040|FRIGIDEIRA CABO OVO HUDSON MS50162|||UN|00||||||
|0200|702040|RALADOR/DIV.LAMIN.HUDSON FK48558|||UN|00||||||
|0200|710060|SUPORTE PARA LEITE MARK INOX|||UN|00||||||
|0200|030113|REF.BRASTEMP INVERSE 422L BRE50 BR|||UN|00||||||
|0200|030780|FORNO ELET.BRASTEMP ATIVE BOB60 INOX|||UN|00||||||
|0200|101440|PRATO CARINE FUNDO LUMINARC PR.D2374|||UN|00||||||
|0200|160180|ABRIDOR ELETRICO P/VINHO OSTER 4207|||UN|00||||||
|0200|200420|DVD PLAYER PHILIPS DVP-3320X78|||UN|00||||||
|0200|701323|SUPORT.P/CORTAR TOMAT.HUDSON MS31667|||UN|00||||||
|0200|701480|ORGANIZADOR/FACAS HUDSON MD-29001|||UN|00||||||
|0200|710360|BANDEJA INOX MAK-INOX|||UN|00||||||
|0200|812800|PRATO P/MASSA EDFORT RH26|||UN|00||||||
|0200|950201|ESCORREDOR/ALIMENTOS YOI|||UN|00||||||
|0200|160170|LIQUIDIFICADOR OSTERIZER 3V.4655|||UN|00||||||
|0200|670850|SALEIRO/PIMENTEIRO TG20804|||UN|00||||||
|0200|701890|ESPATULA/SILICONE HUDSON PRSSTH172|||UN|00||||||
|0200|702120|COLHER DE MEDIDA HUDSON PR3490|||UN|00||||||
|0200|702130|JOGO MEDIDOR/XICARA HUDSON PR3498|||UN|00||||||
|0200|104160|PETISQUEIRA PETIT KABALLA 10500|||UN|00||||||
|0200|160130|FORNO ELETRICO DIG.OSTER 6292|||UN|00||||||
|0200|700432|ABRIDOR MULTIUSO HUDSON EV-EASI-TAG|||UN|00||||||
|0200|701421|MINI PA P/LIXO C/ESC.HUDSON CB56359|||UN|00||||||
|0200|701431|SACOLA P/CALCADOS HUDSON WE420401|||UN|00||||||
|0200|701630|SACOLA/LAVAND.70X50 HUDSON WE375170|||UN|00||||||
|0200|500520|CANECA PORCELANA MIMO CLA|||UN|00||||||
|0200|700434|ESPREMEDOR LIMAO HUDSON FK-42626|||UN|00||||||
|0200|600070|PORTA LEITE DE CAIXA EM FIBRA|||UN|00||||||
|0200|702010|COLHER/CAFE/CLIPS HUDSON EVCC|||UN|00||||||
|0200|501120|JG.3POTES S/TAMPA AN1004 MIMO|||UN|00||||||
|0200|111080|BANDEJA MELANINA GRANDE NOLIA 59511|||UN|00||||||
|0200|700280|DESCANSO/PANELA HUDSON FK45262|||UN|00||||||
|0200|910160|PORTA GELO/CHAMP.RICAELLE 265|||UN|00||||||
|0200|950133|JG.JANTAR ALLURE 20PCS YOI 78984414541|||UN|00||||||
|0200|050980|REF.BOSCH F.FREE 445L KDN47A INOX|||UN|00||||||
|0200|101120|JG.3COPOS COCA COLA LUMI.D3881|||UN|00||||||
|0200|220660|REFRIG.ELECTROLUX 543L ICE DI80X INOX|||UN|00||||||
|0200|660960|JARRA ACRIL/RECIP/GELO M.SHOP 80074|||UN|00||||||
|0200|700180|TAMPA/MICROONDAS HUDSON PR10|||UN|00||||||
|0200|521050|AP.JANTAR 30PCS ALIMP.KALIX P195130|||UN|00||||||
|0200|660820|POTE QD.POP 3,8L M.SHOP 570146|||UN|00||||||
|0200|840770|PORTA UTENSIL.BENC.5PCS BR 48022|||UN|00||||||
|0200|501240|COOLER ISOPOR GRANDE|||UN|00||||||
|0200|701490|ORGANIZ./TALHERES HUDSON MD-29105|||UN|00||||||
|0200|701820|ESPATULA RESIST/CALOR HUDSON MS50612|||UN|00||||||
|0200|811370|TRAVESSA 39CM EDFORT EX72|||UN|00||||||
|0200|660590|JG.6COPOS MARTIGUES M.SHOP 0265|||UN|00||||||
|0200|680990|PRATO P/BOLO OUTONO 30CM SOYUS|||UN|00||||||
|0200|701600|CABIDE METAL/GRAVATA HUDSON RI66950|||UN|00||||||
|0200|813380|CAIXA P/1GARRAFA VINHO EDFORT WT|||UN|00||||||
|0200|106120|TABUA P/TRINCHAR MAD.BEHLING TT23P|||UN|00||||||
|0200|502350|JG.XIC/CAFE HORIZ.12 PCS MIMO PH806F|||UN|00||||||
|0200|903530|BOLSA TERM.P/2GARR.FULL PR/CZ 16568|||UN|00||||||
|0200|820430|COLHER P/ESPAGUETE QUAD.3018|||UN|00||||||
|0200|101450|PRATO CARINE SOBRE.PRET.LUMI.D2372|||UN|00||||||
|0200|700451|PANO PROT.P/PASSAR HUDSON WE109784|||UN|00||||||
|0200|700541|ROLO P/MASSA PLASTICO HUDSON FI00792|||UN|00||||||
|0200|700881|CLIPS P/FECHAR RACAO HUDSON EVKCLP|||UN|00||||||
|0200|700891|PORTA TALHER PLAST.HUNDSON ID34947|||UN|00||||||
|0200|702060|TAMPA P/LATA REFRIG.HUDSON JO05000|||UN|00||||||
|0200|710310|CORTADOR UNIVERSAL MAK INOX|||UN|00||||||
|0200|660770|CANECA FROSTY CLEAN M.SHOP 0026|||UN|00||||||
|0200|104140|PANELA C/TAMPA 2L KABALLA 10455|||UN|00||||||
|0200|811530|JG.2XICARAS CAPUCCINO EDF.KA05|||UN|00||||||
|0200|300230|MINI SYSTEM SONY MHC-GNX800 8.000W|||UN|00||||||
|0200|702140|REMOVEDOR SEMENTES HUDSON PR3560|||UN|00||||||
|0200|902390|JG.AMERIC.4PCS SORT.FULL 144/85/90|||UN|00||||||
|0200|810430|SPAGUETEIRA 4,5LTS EDFORT SO505|||UN|00||||||
|0200|840490|JG.XIC.JUMBO C/PRATO 2802|||UN|00||||||
|0200|520860|CJ.JARRA/4COPOS PLAST.ALIMP.BRPP72|||UN|00||||||
|0200|810630|TRAVESSA 25CM EDFORT OPL02|||UN|00||||||
|0200|810640|TRAVESSA 30CM EDFORT OPL03|||UN|00||||||
|0200|701022|TAMPA DOSADORA 2BICOS HUDSON JO19143|||UN|00||||||
|0200|812880|ACUCAREIRO PORCELANA EDF. GAL14|||UN|00||||||
|0200|970140|JG.JANTAR 20PCS PASSION CONTHEY D1454|||UN|00||||||
|0200|970490|POTE OVAL VID/INOX GR.CONTHEY.124839|||UN|00||||||
|0200|520061|JARRA SUMMER P.GELO/INF.ALIMP.B34O23|||UN|00||||||
|0200|910890|VASO BOHEMIA 26CM RICAELLE 82510/260|||UN|00||||||
|0200|500941|SALEIRO INOX/VIDRO/VISOR MIMO AC704|||UN|00||||||
|0200|700322|DESCASCADOR VEGETAIS HUDSON.PR3054|||UN|00||||||
|0200|840450|RECHAUD RETANG.26X32 BENC.40061|||UN|00||||||
|0200|500831|VASO PORCELANA MIMO PB940|||UN|00||||||
|0200|501491|SALADEIRA 24CM PEQ. MIMO PB943P|||UN|00||||||
|0200|501492|SALADEIRA 28CM GRANDE MIMO PB943PG|||UN|00||||||
|0200|920820|JG. 4TACAS/VINHO TOY.T8162|||UN|00||||||
|0200|700181|TAMPA MULTIUSO SILIC. HUDSON PR3227|||UN|00||||||
|0200|700712|GANCHO P/PORTA HUDSON ID76500|||UN|00||||||
|0200|701082|ESPELHO/AUMEN.3X LED HUDSON WE365635|||UN|00||||||
|0200|300240|MINI SYSTEM SONY MHC-RG777W C/ MP3|||UN|00||||||
|0200|701811|POTE/CONSERV.CEREAIS HUDSON KX71871|||UN|00||||||
|0200|701131|CORTADOR/FRUTAS HUDSON PRGPC2600|||UN|00||||||
|0200|820760|MINI TIGELA/TAMPA QUADRIF.8118|||UN|00||||||
|0200|610080|JG.LICOR 7PCS F&S|||UN|00||||||
|0200|680790|JG 6 PRATOS/SOBREM.FOLIAGE SOYUS|||UN|00||||||
|0200|700893|PORTA TRECO HUNDSON 1034847|||UN|00||||||
|0200|701321|CORTADOR/TRITUR.ALHO HUDSON PRGPC2800|||UN|00||||||
|0200|813160|PETISQUEIRA 2DIV EDFORT SN121|||UN|00||||||
|0200|902170|JG.JANTAR PORC.30PCS TRACES FUL.14477|||UN|00||||||
|0200|910390|JG.LIMONADA RICAE.7PCS C204|||UN|00||||||
|0200|300220|MINI SYSTEM SONY MHC-RG170|||UN|00||||||
|0200|700542|INFUSOR P/CHA/XICARA HUDSON JO229477|||UN|00||||||
|0200|510480|TACA VINHO GS AZUL 300ML .|||UN|00||||||
|0200|900017|JG.6FIOS SILIC.P/AMARRAR. FULL 15004|||UN|00||||||
|0200|102081|BANDEJA 01 TAB. ARTE P 102|||UN|00||||||
|0200|102700|BANDEJA MADEIRA TABACO ARTE 187|||UN|00||||||
|0200|700892|CAIXA P/PAO METAL HUNDSON ID36383|||UN|00||||||
|0200|701812|POTE REDONDO 1,9L HUDSON KX71533|||UN|00||||||
|0200|701831|PANELA P/OMELETE OVO HUDSON MS50153|||UN|00||||||
|0200|300010|TV SONY 32" LCD DTV 32BX325|||UN|00||||||
|0200|BLE20CBBNA|LL BR ELET 20"220/60 DCRE 2011/17578-4|7891129203280||PC|00||||||
|0200|100040|FOGAO ESMALTEC SAMOA 5B INOX 5005|||UN|00||||||
|0220|UD|1,000|
|0200|030403|FOG.BRASTEMP ATIV.TIMER EMB.4B BY750 BR|||UN|00||||||
|0220|PC|1,000|
|0200|950131|PEGADOR DE SALADA BAMBO 2PCS YOI|||UN|00||||||
|0220|JG|1,000|
|0200|950143|JG.JANTAR ALLURE TWIST YOI 20PCS|||UN|00||||||
|0220|JG|1,000|
|0200|950144|JG.JANTAR ALLURE PLATINUM YOI 42PCS|||UN|00||||||
|0220|JG|1,000|
|0200|10000|MATERIAL DE USO E CONSUMO|||UN|07||||||
|0500|30062011|01|A|1|116010001|MATERIAIS DE REVENDA|
|0990|704|
|C001|0|
|C100|0|0|800006977|01|00|U|0069298||04072011|04072011|649,00|0|||649,00|9||||649,00|110,33||||||||
|C170|1|031100||1,00000|UN|649,00||0|000|1202||649,00|17,00|110,33|0||0|||||||50|649,00|0,65|||4,22|50|649,00|3,00|||19,47||
|C190|000|1202|17,00|649,00|649,00|110,33|0|0|0|0||
|C100|0|0|800006977|01|00|U|0069299||04072011|04072011|1336,00|0|||1336,00|9||||1336,00|227,12||||||||
|C170|1|090240||1,00000|UN|59,00||0|000|1202||59,00|17,00|10,03|0||0|||||||50|59,00|0,65|||0,38|50|59,00|3,00|||1,77||
|C170|2|105105||1,00000|UN|39,00||0|000|1202||39,00|17,00|6,63|0||0|||||||50|39,00|0,65|||0,25|50|39,00|3,00|||1,17||
|C170|3|290290||1,00000|UN|99,00||0|000|1202||99,00|17,00|16,83|0||0|||||||50|99,00|0,65|||0,64|50|99,00|3,00|||2,97||
|C170|4|200520||1,00000|UN|179,00||0|000|1202||179,00|17,00|30,43|0||0|||||||50|179,00|0,65|||1,16|50|179,00|3,00|||5,37||
|C170|5|120130||1,00000|UN|49,00||0|000|1202||49,00|17,00|8,33|0||0|||||||50|49,00|0,65|||0,32|50|49,00|3,00|||1,47||
|C170|6|120030||1,00000|UN|99,00||0|000|1202||99,00|17,00|16,83|0||0|||||||50|99,00|0,65|||0,64|50|99,00|3,00|||2,97||
|C170|7|902511||1,00000|UN|79,00||0|000|1202||79,00|17,00|13,43|0||0|||||||50|79,00|0,65|||0,51|50|79,00|3,00|||2,37||
|C170|8|890560||1,00000|UN|199,00||0|000|1202||199,00|17,00|33,83|0||0|||||||50|199,00|0,65|||1,29|50|199,00|3,00|||5,97||
|C170|9|890560||1,00000|UN|199,00||0|000|1202||199,00|17,00|33,83|0||0|||||||50|199,00|0,65|||1,29|50|199,00|3,00|||5,97||
|C170|10|501110||1,00000|UN|280,00||0|000|1202||280,00|17,00|47,60|0||0|||||||50|280,00|0,65|||1,82|50|280,00|3,00|||8,40||
|C170|11|500171||1,00000|UN|55,00||0|000|1202||55,00|17,00|9,35|0||0|||||||50|55,00|0,65|||0,36|50|55,00|3,00|||1,65||
|C190|000|1202|17,00|1336,00|1336,00|227,12|0|0|0|0||
|C100|0|0|800006977|01|00|U|0069300||04072011|04072011|59,00|0|||59,00|9||||59,00|10,03||||||||
|C170|1|150410||1,00000|UN|59,00||0|000|1202||59,00|17,00|10,03|0||0|||||||50|59,00|0,65|||0,38|50|59,00|3,00|||1,77||
|C190|000|1202|17,00|59,00|59,00|10,03|0|0|0|0||
|C100|0|0|800006977|01|00|U|0069301||04072011|04072011|96,00|0|||96,00|9||||96,00|16,32||||||||
|C170|1|120030||1,00000|UN|96,00||0|000|1202||96,00|17,00|16,32|0||0|||||||50|96,00|0,65|||0,62|50|96,00|3,00|||2,88||
|C190|000|1202|17,00|96,00|96,00|16,32|0|0|0|0||
|C100|0|0|800006977|01|00|U|0069303||05072011|05072011|159,00|0|||159,00|9||||159,00|27,03||||||||
|C170|1|702210||1,00000|UN|159,00||0|000|1202||159,00|17,00|27,03|0||0|||||||50|159,00|0,65|||1,03|50|159,00|3,00|||4,77||
|C190|000|1202|17,00|159,00|159,00|27,03|0|0|0|0||
|C100|0|0|800006977|01|00|U|0069305||07072011|07072011|299,00|0|||299,00|9||||299,00|50,83||||||||
|C170|1|180260||1,00000|UN|299,00||0|000|1202||299,00|17,00|50,83|0||0|||||||50|299,00|0,65|||1,94|50|299,00|3,00|||8,97||
|C190|000|1202|17,00|299,00|299,00|50,83|0|0|0|0||
|C100|0|0|800006977|01|00|U|0069310||07072011|07072011|69,00|0|||69,00|9||||69,00|11,73||||||||
|C170|1|120090||1,00000|UN|69,00||0|000|1202||69,00|17,00|11,73|0||0|||||||50|69,00|0,65|||0,45|50|69,00|3,00|||2,07||
|C190|000|1202|17,00|69,00|69,00|11,73|0|0|0|0||
|C100|0|0|800006977|01|00|U|0069313||07072011|07072011|435,00|0|||435,00|9||||435,00|73,95||||||||
|C170|1|180263||1,00000|UN|112,00||0|000|1202||112,00|17,00|19,04|0||0|||||||50|112,00|0,65|||0,73|50|112,00|3,00|||3,36||
|C170|2|680280||1,00000|UN|45,00||0|000|1202||45,00|17,00|7,65|0||0|||||||50|45,00|0,65|||0,29|50|45,00|3,00|||1,35||
|C170|3|761150||1,00000|UN|179,00||0|000|1202||179,00|17,00|30,43|0||0|||||||50|179,00|0,65|||1,16|50|179,00|3,00|||5,37||
|C170|4|902511||1,00000|UN|99,00||0|000|1202||99,00|17,00|16,83|0||0|||||||50|99,00|0,65|||0,64|50|99,00|3,00|||2,97||
|C190|000|1202|17,00|435,00|435,00|73,95|0|0|0|0||
|C100|0|0|800006977|01|00|U|0069318||09072011|09072011|280,00|0|||280,00|9||||280,00|47,60||||||||
|C170|1|700711||1,00000|UN|32,00||0|000|1202||32,00|17,00|5,44|0||0|||||||50|32,00|0,65|||0,21|50|32,00|3,00|||0,96||
|C170|2|701270||1,00000|UN|25,00||0|000|1202||25,00|17,00|4,25|0||0|||||||50|25,00|0,65|||0,16|50|25,00|3,00|||0,75||
|C170|3|702180||1,00000|UN|129,00||0|000|1202||129,00|17,00|21,93|0||0|||||||50|129,00|0,65|||0,84|50|129,00|3,00|||3,87||
|C170|4|903530||1,00000|UN|39,00||0|000|1202||39,00|17,00|6,63|0||0|||||||50|39,00|0,65|||0,25|50|39,00|3,00|||1,17||
|C170|5|701750||1,00000|UN|29,00||0|000|1202||29,00|17,00|4,93|0||0|||||||50|29,00|0,65|||0,19|50|29,00|3,00|||0,87||
|C170|6|701421||1,00000|UN|26,00||0|000|1202||26,00|17,00|4,42|0||0|||||||50|26,00|0,65|||0,17|50|26,00|3,00|||0,78||
|C190|000|1202|17,00|280,00|280,00|47,60|0|0|0|0||
|C100|0|0|800006977|01|00|U|0069322||11072011|11072011|29,00|0|||29,00|9||||29,00|4,93||||||||
|C170|1|902710||1,00000|UN|29,00||0|000|1202||29,00|17,00|4,93|0||0|||||||50|29,00|0,65|||0,19|50|29,00|3,00|||0,87||
|C190|000|1202|17,00|29,00|29,00|4,93|0|0|0|0||
|C100|0|0|800006977|01|00|U|0069331||13072011|13072011|1599,00|0|||1599,00|9||||1599,00|271,83||||||||
|C170|1|030253||1,00000|UN|1599,00||0|000|1202||1599,00|17,00|271,83|0||0|||||||50|1599,00|0,65|||10,39|50|1599,00|3,00|||47,97||
|C190|000|1202|17,00|1599,00|1599,00|271,83|0|0|0|0||
|C100|0|0|800006977|01|00|U|0069335||14072011|14072011|549,00|0|||549,00|9||||549,00|93,33||||||||
|C170|1|180243||1,00000|UN|549,00||0|000|1202||549,00|17,00|93,33|0||0|||||||50|549,00|0,65|||3,57|50|549,00|3,00|||16,47||
|C190|000|1202|17,00|549,00|549,00|93,33|0|0|0|0||
|C100|0|0|800006977|01|00|U|0069338||15072011|15072011|79,00|0|||79,00|9||||79,00|13,43||||||||
|C170|1|330210||1,00000|UN|79,00||0|000|1202||79,00|17,00|13,43|0||0|||||||50|79,00|0,65|||0,51|50|79,00|3,00|||2,37||
|C190|000|1202|17,00|79,00|79,00|13,43|0|0|0|0||
|C100|0|0|800006977|01|00|U|0069339||15072011|15072011|1687,00|0|||1687,00|9||||1687,00|286,79||||||||
|C170|1|040393||1,00000|UN|999,00||0|000|1202||999,00|17,00|169,83|0||0|||||||50|999,00|0,65|||6,49|50|999,00|3,00|||29,97||
|C170|2|501110||1,00000|UN|289,00||0|000|1202||289,00|17,00|49,13|0||0|||||||50|289,00|0,65|||1,88|50|289,00|3,00|||8,67||
|C170|3|902610||1,00000|UN|399,00||0|000|1202||399,00|17,00|67,83|0||0|||||||50|399,00|0,65|||2,59|50|399,00|3,00|||11,97||
|C190|000|1202|17,00|1687,00|1687,00|286,79|0|0|0|0||
|C100|0|0|800006977|01|00|U|0069340||15072011|15072011|379,00|0|||379,00|9||||379,00|64,43||||||||
|C170|1|100210||1,00000|UN|379,00||0|000|1202||379,00|17,00|64,43|0||0|||||||50|379,00|0,65|||2,46|50|379,00|3,00|||11,37||
|C190|000|1202|17,00|379,00|379,00|64,43|0|0|0|0||
|C100|0|0|800006977|01|00|U|0069343||16072011|16072011|300,00|0|||300,00|9||||300,00|51,00||||||||
|C170|1|040453||1,00000|UN|300,00||0|000|1202||300,00|17,00|51,00|0||0|||||||50|300,00|0,65|||1,95|50|300,00|3,00|||9,00||
|C190|000|1202|17,00|300,00|300,00|51,00|0|0|0|0||
|C100|0|0|800006977|01|00|U|0069347||18072011|18072011|867,00|0|||867,00|9||||867,00|147,39||||||||
|C170|1|200390||1,00000|UN|499,00||0|000|1202||499,00|17,00|84,83|0||0|||||||50|499,00|0,65|||3,24|50|499,00|3,00|||14,97||
|C170|2|290230||1,00000|UN|139,00||0|000|1202||139,00|17,00|23,63|0||0|||||||50|139,00|0,65|||0,90|50|139,00|3,00|||4,17||
|C170|3|330130||1,00000|UN|229,00||0|000|1202||229,00|17,00|38,93|0||0|||||||50|229,00|0,65|||1,49|50|229,00|3,00|||6,87||
|C190|000|1202|17,00|867,00|867,00|147,39|0|0|0|0||
|C100|0|0|800006977|01|00|U|0069349||18072011|18072011|65,00|0|||65,00|9||||65,00|11,05||||||||
|C170|1|840980||1,00000|UN|65,00||0|000|1202||65,00|17,00|11,05|0||0|||||||50|65,00|0,65|||0,42|50|65,00|3,00|||1,95||
|C190|000|1202|17,00|65,00|65,00|11,05|0|0|0|0||
|C100|0|0|800006977|01|00|U|0069362||20072011|20072011|179,00|0|||179,00|9||||179,00|30,43||||||||
|C170|1|200520||1,00000|UN|179,00||0|000|1202||179,00|17,00|30,43|0||0|||||||50|179,00|0,65|||1,16|50|179,00|3,00|||5,37||
|C190|000|1202|17,00|179,00|179,00|30,43|0|0|0|0||
|C100|0|0|800006977|01|00|U|0069374||22072011|22072011|249,00|0|||249,00|9||||249,00|42,33||||||||
|C170|1|180263||1,00000|UN|249,00||0|000|1202||249,00|17,00|42,33|0||0|||||||50|249,00|0,65|||1,62|50|249,00|3,00|||7,47||
|C190|000|1202|17,00|249,00|249,00|42,33|0|0|0|0||
|C100|0|0|800006977|01|00|U|0069380||25072011|25072011|99,00|0|||99,00|9||||99,00|16,83||||||||
|C170|1|290270||1,00000|UN|99,00||0|000|1202||99,00|17,00|16,83|0||0|||||||50|99,00|0,65|||0,64|50|99,00|3,00|||2,97||
|C190|000|1202|17,00|99,00|99,00|16,83|0|0|0|0||
|C100|0|0|800006977|01|00|U|0069383||26072011|26072011|237,00|0|||237,00|9||||237,00|40,29||||||||
|C170|1|101420||6,00000|UN|60,00||0|000|1202||60,00|17,00|10,20|0||0|||||||50|60,00|0,65|||0,39|50|60,00|3,00|||1,80||
|C170|2|101430||1,00000|UN|99,00||0|000|1202||99,00|17,00|16,83|0||0|||||||50|99,00|0,65|||0,64|50|99,00|3,00|||2,97||
|C170|3|101510||6,00000|UN|78,00||0|000|1202||78,00|17,00|13,26|0||0|||||||50|78,00|0,65|||0,51|50|78,00|3,00|||2,34||
|C190|000|1202|17,00|237,00|237,00|40,29|0|0|0|0||
|C100|0|0|800006977|01|00|U|0069388||27072011|27072011|1553,00|0|||1553,00|9||||1553,00|264,01||||||||
|C170|1|040430||1,00000|UN|329,00||0|000|1202||329,00|17,00|55,93|0||0|||||||50|329,00|0,65|||2,14|50|329,00|3,00|||9,87||
|C170|2|090240||1,00000|UN|69,00||0|000|1202||69,00|17,00|11,73|0||0|||||||50|69,00|0,65|||0,45|50|69,00|3,00|||2,07||
|C170|3|120050||1,00000|UN|199,00||0|000|1202||199,00|17,00|33,83|0||0|||||||50|199,00|0,65|||1,29|50|199,00|3,00|||5,97||
|C170|4|120030||1,00000|UN|109,00||0|000|1202||109,00|17,00|18,53|0||0|||||||50|109,00|0,65|||0,71|50|109,00|3,00|||3,27||
|C170|5|290280||1,00000|UN|119,00||0|000|1202||119,00|17,00|20,23|0||0|||||||50|119,00|0,65|||0,77|50|119,00|3,00|||3,57||
|C170|6|101520||1,00000|UN|69,00||0|000|1202||69,00|17,00|11,73|0||0|||||||50|69,00|0,65|||0,45|50|69,00|3,00|||2,07||
|C170|7|890500||1,00000|UN|110,00||0|000|1202||110,00|17,00|18,70|0||0|||||||50|110,00|0,65|||0,72|50|110,00|3,00|||3,30||
|C170|8|911040||1,00000|UN|45,00||0|000|1202||45,00|17,00|7,65|0||0|||||||50|45,00|0,65|||0,29|50|45,00|3,00|||1,35||
|C170|9|790060||1,00000|UN|49,00||0|000|1202||49,00|17,00|8,33|0||0|||||||50|49,00|0,65|||0,32|50|49,00|3,00|||1,47||
|C170|10|813160||1,00000|UN|49,00||0|000|1202||49,00|17,00|8,33|0||0|||||||50|49,00|0,65|||0,32|50|49,00|3,00|||1,47||
|C170|11|840431||1,00000|UN|59,00||0|000|1202||59,00|17,00|10,03|0||0|||||||50|59,00|0,65|||0,38|50|59,00|3,00|||1,77||
|C170|12|910782||1,00000|UN|79,00||0|000|1202||79,00|17,00|13,43|0||0|||||||50|79,00|0,65|||0,51|50|79,00|3,00|||2,37||
|C170|13|290300||1,00000|UN|139,00||0|000|1202||139,00|17,00|23,63|0||0|||||||50|139,00|0,65|||0,90|50|139,00|3,00|||4,17||
|C170|14|330030||1,00000|UN|129,00||0|000|1202||129,00|17,00|21,93|0||0|||||||50|129,00|0,65|||0,84|50|129,00|3,00|||3,87||
|C190|000|1202|17,00|1553,00|1553,00|264,01|0|0|0|0||
|C100|0|0|800006977|01|00|U|0069389||27072011|27072011|967,00|0|||967,00|9||||967,00|164,39||||||||
|C170|1|040470||1,00000|UN|389,00||0|000|1202||389,00|17,00|66,13|0||0|||||||50|389,00|0,65|||2,53|50|389,00|3,00|||11,67||
|C170|2|100210||1,00000|UN|379,00||0|000|1202||379,00|17,00|64,43|0||0|||||||50|379,00|0,65|||2,46|50|379,00|3,00|||11,37||
|C170|3|890560||1,00000|UN|199,00||0|000|1202||199,00|17,00|33,83|0||0|||||||50|199,00|0,65|||1,29|50|199,00|3,00|||5,97||
|C190|000|1202|17,00|967,00|967,00|164,39|0|0|0|0||
|C100|0|0|800006977|01|00|U|0069396||29072011|29072011|528,00|0|||528,00|9||||528,00|89,76||||||||
|C170|1|101310||24,00000|UN|264,00||0|000|1202||264,00|17,00|44,88|0||0|||||||50|264,00|0,65|||1,72|50|264,00|3,00|||7,92||
|C170|2|101320||24,00000|UN|264,00||0|000|1202||264,00|17,00|44,88|0||0|||||||50|264,00|0,65|||1,72|50|264,00|3,00|||7,92||
|C190|000|1202|17,00|528,00|528,00|89,76|0|0|0|0||
|C100|0|0|800006977|01|00|U|0069397||29072011|29072011|522,00|0|||522,00|9||||522,00|88,74||||||||
|C170|1|030363||1,00000|UN|522,00||0|000|1202||522,00|17,00|88,74|0||0|||||||50|522,00|0,65|||3,39|50|522,00|3,00|||15,66||
|C190|000|1202|17,00|522,00|522,00|88,74|0|0|0|0||
|C100|0|1|800006977|01|00|1|0000671||15072011|15072011|717,19|0|||717,19|9||||0|0||||||||
|C170|1|120020||2,00000|UN|109,36||0|041|1915|||||0||0||||||||||||||||||||
|C170|2|120040||2,00000|UN|85,06||0|041|1915|||||0||0||||||||||||||||||||
|C170|3|120130||2,00000|UN|60,76||0|041|1915|||||0||0||||||||||||||||||||
|C170|4|120140||1,00000|UN|23,81||0|041|1915|||||0||0||||||||||||||||||||
|C170|5|120120||1,00000|UN|155,98||0|041|1915|||||0||0||||||||||||||||||||
|C170|6|120060||1,00000|UN|181,69||0|041|1915|||||0||0||||||||||||||||||||
|C170|7|120150||3,00000|UN|100,53||0|041|1915|||||0||0||||||||||||||||||||
|C190|041|1915||717,19|0|0|0|0|0|0||
|C100|0|1|800006977|01|00|1|0003538||15072011|15072011|1586,40|0|||1586,40|9||||0|0||||||||
|C170|1|070410||2,00000|UN|339,68||0|041|1915|||||0||0||||||||||||||||||||
|C170|2|070420||1,00000|UN|170,72||0|041|1915|||||0||0||||||||||||||||||||
|C170|3|070430||4,00000|UN|1076,00||0|041|1915|||||0||0||||||||||||||||||||
|C190|041|1915||1586,40|0|0|0|0|0|0||
|C100|0|1|800006977|01|00|1|0004103||09072011|09072011|319,26|0|||319,26|9||||0|0||||||||
|C170|1|180380||1,00000|UN|319,26||0|041|1915|||||0||0||||||||||||||||||||
|C190|041|1915||319,26|0|0|0|0|0|0||
|C100|1|0|800008056|01|00|U|0069326||12072011|12072011|1599,00|0|||1599,00|9||||0|0||||||||
|C170|1|030253||1,00000|UN|1599,00||0|041|5949|||||0||0|||||||99||||||99|||||||
|C190|041|5949||1599,00|0|0|0|0|0|0||
|C100|1|0|800008056|01|00|U|0069329||13072011|13072011|349,00|0|||349,00|9||||0|0||||||||
|C170|1|040460||1,00000|UN|349,00||0|041|5949|||||0||0|||||||99||||||99|||||||
|C190|041|5949||349,00|0|0|0|0|0|0||
|C100|1|0|800006019|01|00|U|0069350||19072011|19072011|259,00|0|||259,00|9||||0|0||||||||
|C170|1|180270||1,00000|UN|259,00||0|041|5949|||||0||0|||||||99||||||99|||||||
|C190|041|5949||259,00|0|0|0|0|0|0||
|C100|1|0|800008057|01|00|U|0069387||27072011|27072011|298,00|0|||298,00|9||||0|0||||||||
|C170|1|180290||1,00000|UN|119,00||0|041|5949|||||0||0|||||||99||||||99|||||||
|C170|2|200520||1,00000|UN|179,00||0|041|5949|||||0||0|||||||99||||||99|||||||
|C190|041|5949||298,00|0|0|0|0|0|0||
|C100|1|0|800008057|01|00|U|0069321||11072011|11072011|259,00|0|||259,00|9||||0|0||||||||
|C170|1|180270||1,00000|UN|259,00||0|041|5949|||||0||0|||||||99||||||99|||||||
|C190|041|5949||259,00|0|0|0|0|0|0||
|C100|1|0|800008055|01|00|U|0069296||02072011|02072011|29,00|0|||29,00|9||||0|0||||||||
|C170|1|970680||1,00000|UN|29,00||0|041|5949|||||0||0|||||||99||||||99|||||||
|C190|041|5949||29,00|0|0|0|0|0|0||
|C100|1|0|800007154|01|00|U|0069295||02072011|02072011|418,00|0|||418,00|9||||0|0||||||||
|C170|1|031240||1,00000|UN|259,00||0|041|5949|||||0||0|||||||99||||||99|||||||
|C170|2|040550||1,00000|UN|159,00||0|041|5949|||||0||0|||||||99||||||99|||||||
|C190|041|5949||418,00|0|0|0|0|0|0||
|C100|1|0|800007146|01|00|U|0069370||21072011|21072011|710,00|0|||710,00|9||||0|0||||||||
|C170|1|040123||1,00000|UN|710,00||0|041|5949|||||0||0|||||||99||||||99|||||||
|C190|041|5949||710,00|0|0|0|0|0|0||
|C100|1|0|800008054|01|00|U|0069390||27072011|27072011|1229,00|0|||1229,00|9||||0|0||||||||
|C170|1|030443||1,00000|UN|1229,00||0|041|5949|||||0||0|||||||99||||||99|||||||
|C190|041|5949||1229,00|0|0|0|0|0|0||
|C100|1|0|800007151|01|00|U|0069309||07072011|07072011|629,00|0|||629,00|9||||0|0||||||||
|C170|1|040453||1,00000|UN|629,00||0|041|5949|||||0||0|||||||99||||||99|||||||
|C190|041|5949||629,00|0|0|0|0|0|0||
|C100|1|0|800008040|01|00|U|0069393||28072011|28072011|758,00|0|||758,00|9||||0|0||||||||
|C170|1|100210||2,00000|UN|758,00||0|041|5949|||||0||0|||||||99||||||99|||||||
|C190|041|5949||758,00|0|0|0|0|0|0||
|C100|1|0|800007162|01|00|U|0069291||01072011|01072011|569,00|0|||569,00|9||||0|0||||||||
|C170|1|270010||1,00000|UN|569,00||0|041|5949|||||0||0|||||||99||||||99|||||||
|C190|041|5949||569,00|0|0|0|0|0|0||
|C100|1|0|800007149|01|00|U|0069342||16072011|16072011|530,00|0|||530,00|9||||0|0||||||||
|C170|1|040013||1,00000|UN|530,00||0|041|5949|||||0||0|||||||99||||||99|||||||
|C190|041|5949||530,00|0|0|0|0|0|0||
|C100|1|0|800007158|01|00|U|0069344||16072011|16072011|1798,00|0|||1798,00|9||||0|0||||||||
|C170|1|031100||1,00000|UN|499,00||0|041|5949|||||0||0|||||||99||||||99|||||||
|C170|2|031130||1,00000|UN|1299,00||0|041|5949|||||0||0|||||||99||||||99|||||||
|C190|041|5949||1798,00|0|0|0|0|0|0||
|C100|1|0|800007158|01|00|U|0069314||08072011|08072011|5400,00|0|||5400,00|9||||0|0||||||||
|C170|1|030130||2,00000|UN|3792,00||0|041|5949|||||0||0|||||||99||||||99|||||||
|C170|2|030780||1,00000|UN|1608,00||0|041|5949|||||0||0|||||||99||||||99|||||||
|C190|041|5949||5400,00|0|0|0|0|0|0||
|C100|1|0|800007156|01|00|U|0069315||08072011|08072011|355,00|0|||355,00|9||||0|0||||||||
|C170|1|290280||1,00000|UN|119,00||0|041|5949|||||0||0|||||||99||||||99|||||||
|C170|2|520860||1,00000|UN|20,00||0|041|5949|||||0||0|||||||99||||||99|||||||
|C170|3|902270||1,00000|UN|119,00||0|041|5949|||||0||0|||||||99||||||99|||||||
|C170|4|660770||4,00000|UN|88,00||0|041|5949|||||0||0|||||||99||||||99|||||||
|C170|5|813360||1,00000|UN|9,00||0|041|5949|||||0||0|||||||99||||||99|||||||
|C190|041|5949||355,00|0|0|0|0|0|0||
|C100|1|0|800008026|01|00|U|0069385||27072011|27072011|6066,65|0|||6066,65|9||||6066,65|1031,33||||||||
|C170|1|040013||1,00000|UN|708,39||0|000|5152||708,39|17,00|120,43|0||0|||||||01|708,39|0,65|||4,60|01|708,39|3,00|||21,25||
|C170|2|040143||1,00000|UN|562,30||0|000|5152||562,30|17,00|95,59|0||0|||||||01|562,30|0,65|||3,65|01|562,30|3,00|||16,87||
|C170|3|100160||10,00000|UN|2855,00||0|000|5152||2855,00|17,00|485,35|0||0|||||||01|2855,00|0,65|||18,56|01|2855,00|3,00|||85,65||
|C170|4|270010||5,00000|UN|1751,30||0|000|5152||1751,30|17,00|297,72|0||0|||||||01|1751,30|0,65|||11,38|01|1751,30|3,00|||52,54||
|C170|5|100063||1,00000|UN|189,66||0|000|5152||189,66|17,00|32,24|0||0|||||||01|189,66|0,65|||1,23|01|189,66|3,00|||5,69||
|C190|000|5152|17,00|6066,65|6066,65|1031,33|0|0|0|0||
|C100|1|0|800008026|01|00|U|0069391||28072011|28072011|1369,68|0|||1369,68|9||||1369,68|232,85||||||||
|C170|1|040123||3,00000|UN|1369,68||0|000|5152||1369,68|17,00|232,85|0||0|||||||01|1369,68|0,65|||8,90|01|1369,68|3,00|||41,09||
|C190|000|5152|17,00|1369,68|1369,68|232,85|0|0|0|0||
|C100|1|0|800008026|01|00|U|0069292||02072011|02072011|728,17|0|||728,17|9||||728,17|123,79||||||||
|C170|1|030770||1,00000|UN|728,17||0|000|5152||728,17|17,00|123,79|0||0|||||||01|728,17|0,65|||4,73|01|728,17|3,00|||21,85||
|C190|000|5152|17,00|728,17|728,17|123,79|0|0|0|0||
|C100|1|0|800008026|01|00|U|0069293||02072011|02072011|2459,91|0|||2459,91|9||||1821,90|309,72||||||||
|C170|1|030960||2,00000|UN|935,76||0|000|5152||935,76|17,00|159,08|0||0|||||||01|935,76|0,65|||6,08|01|935,76|3,00|||28,07||
|C170|2|090130||3,00000|UN|74,52||0|000|5152||74,52|17,00|12,67|0||0|||||||01|74,52|0,65|||0,48|01|74,52|3,00|||2,24||
|C170|3|200210||3,00000|UN|811,62||0|000|5152||811,62|17,00|137,98|0||0|||||||01|811,62|0,65|||5,28|01|811,62|3,00|||24,35||
|C170|4|180800||3,00000|UN|638,01||0|041|5152|||||0||0|||||||01|638,01|0,65|||4,15|01|638,01|3,00|||19,14||
|C190|000|5152|17,00|1821,90|1821,90|309,72|0|0|0|0||
|C190|041|5152||638,01|0|0|0|0|0|0||
|C100|1|0|800008026|01|00|U|0069294||02072011|02072011|343,00|0|||343,00|9||||343,00|58,31||||||||
|C170|1|500090||1,00000|UN|32,79||0|000|5152||32,79|17,00|5,57|0||0|||||||01|32,79|0,65|||0,21|01|32,79|3,00|||0,98||
|C170|2|500140||1,00000|UN|25,28||0|000|5152||25,28|17,00|4,30|0||0|||||||01|25,28|0,65|||0,16|01|25,28|3,00|||0,76||
|C170|3|500390||4,00000|UN|110,32||0|000|5152||110,32|17,00|18,75|0||0|||||||01|110,32|0,65|||0,72|01|110,32|3,00|||3,31||
|C170|4|502202||3,00000|UN|113,91||0|000|5152||113,91|17,00|19,36|0||0|||||||01|113,91|0,65|||0,74|01|113,91|3,00|||3,42||
|C170|5|502200||1,00000|UN|27,66||0|000|5152||27,66|17,00|4,70|0||0|||||||01|27,66|0,65|||0,18|01|27,66|3,00|||0,83||
|C170|6|501120||2,00000|UN|33,04||0|000|5152||33,04|17,00|5,62|0||0|||||||01|33,04|0,65|||0,21|01|33,04|3,00|||0,99||
|C190|000|5152|17,00|343,00|343,00|58,31|0|0|0|0||
|C100|1|0|800008026|01|00|U|0069304||07072011|07072011|3356,24|0|||3356,24|9||||3356,24|570,56||||||||
|C170|1|030523||3,00000|UN|521,82||0|000|5152||521,82|17,00|88,71|0||0|||||||01|521,82|0,65|||3,39|01|521,82|3,00|||15,65||
|C170|2|050830||3,00000|UN|826,53||0|000|5152||826,53|17,00|140,51|0||0|||||||01|826,53|0,65|||5,37|01|826,53|3,00|||24,80||
|C170|3|160110||2,00000|UN|315,72||0|000|5152||315,72|17,00|53,67|0||0|||||||01|315,72|0,65|||2,05|01|315,72|3,00|||9,47||
|C170|4|160130||1,00000|UN|269,38||0|000|5152||269,38|17,00|45,79|0||0|||||||01|269,38|0,65|||1,75|01|269,38|3,00|||8,08||
|C170|5|160140||2,00000|UN|207,14||0|000|5152||207,14|17,00|35,21|0||0|||||||01|207,14|0,65|||1,35|01|207,14|3,00|||6,21||
|C170|6|120070||4,00000|UN|340,60||0|000|5152||340,60|17,00|57,90|0||0|||||||01|340,60|0,65|||2,21|01|340,60|3,00|||10,22||
|C170|7|160170||1,00000|UN|115,00||0|000|5152||115,00|17,00|19,55|0||0|||||||01|115,00|0,65|||0,75|01|115,00|3,00|||3,45||
|C170|8|160180||1,00000|UN|52,41||0|000|5152||52,41|17,00|8,91|0||0|||||||01|52,41|0,65|||0,34|01|52,41|3,00|||1,57||
|C170|9|330250||12,00000|UN|707,64||0|000|5152||707,64|17,00|120,30|0||0|||||||01|707,64|0,65|||4,60|01|707,64|3,00|||21,23||
|C190|000|5152|17,00|3356,24|3356,24|570,56|0|0|0|0||
|C100|1|0|800008026|01|00|U|0069307||07072011|07072011|170,03|0|||170,03|9||||170,03|28,91||||||||
|C170|1|180260||1,00000|UN|170,03||0|000|5152||170,03|17,00|28,91|0||0|||||||01|170,03|0,65|||1,11|01|170,03|3,00|||5,10||
|C190|000|5152|17,00|170,03|170,03|28,91|0|0|0|0||
|C100|1|0|800008026|01|00|U|0069308||07072011|07072011|58,00|0|||58,00|9||||58,00|9,86||||||||
|C170|1|501240||1,00000|UN|58,00||0|000|5152||58,00|17,00|9,86|0||0|||||||01|58,00|0,65|||0,38|01|58,00|3,00|||1,74||
|C190|000|5152|17,00|58,00|58,00|9,86|0|0|0|0||
|C100|1|0|800008026|01|00|U|0069325||12072011|12072011|308,06|0|||308,06|9||||308,06|52,37||||||||
|C170|1|180270||2,00000|UN|308,06||0|000|5152||308,06|17,00|52,37|0||0|||||||01|308,06|0,65|||2,00|01|308,06|3,00|||9,24||
|C190|000|5152|17,00|308,06|308,06|52,37|0|0|0|0||
|C100|1|0|800008026|01|00|U|0069328||12072011|12072011|6035,60|0|||6035,60|9||||6035,60|1026,05||||||||
|C170|1|040133||2,00000|UN|960,20||0|000|5152||960,20|17,00|163,23|0||0|||||||01|960,20|0,65|||6,24|01|960,20|3,00|||28,81||
|C170|2|040250||3,00000|UN|1575,39||0|000|5152||1575,39|17,00|267,82|0||0|||||||01|1575,39|0,65|||10,24|01|1575,39|3,00|||47,26||
|C170|3|040520||3,00000|UN|1855,32||0|000|5152||1855,32|17,00|315,40|0||0|||||||01|1855,32|0,65|||12,06|01|1855,32|3,00|||55,66||
|C170|4|040530||3,00000|UN|1644,69||0|000|5152||1644,69|17,00|279,60|0||0|||||||01|1644,69|0,65|||10,69|01|1644,69|3,00|||49,34||
|C190|000|5152|17,00|6035,60|6035,60|1026,05|0|0|0|0||
|C100|1|0|800008026|01|00|U|0069330||13072011|13072011|12511,05|0|||12511,05|9||||12511,55|2126,96||||||||
|C170|1|031170||1,00000|UN|1124,66||0|000|5152||1124,66|17,00|191,19|0||0|||||||01|1124,66|0,65|||7,31|01|1124,66|3,00|||33,74||
|C170|2|090240||12,00000|UN|419,16||0|000|5152||419,66|17,00|71,34|0||0|||||||01|419,16|0,65|||2,72|01|419,16|3,00|||12,57||
|C170|3|100200||6,00000|UN|1489,86||0|000|5152||1489,86|17,00|253,28|0||0|||||||01|1489,86|0,65|||9,68|01|1489,86|3,00|||44,70||
|C170|4|120080||10,00000|UN|854,90||0|000|5152||854,90|17,00|145,33|0||0|||||||01|854,90|0,65|||5,56|01|854,90|3,00|||25,65||
|C170|5|090280||4,00000|UN|417,84||0|000|5152||417,84|17,00|71,03|0||0|||||||01|417,84|0,65|||2,72|01|417,84|3,00|||12,54||
|C170|6|100210||6,00000|UN|1394,82||0|000|5152||1394,82|17,00|237,12|0||0|||||||01|1394,82|0,65|||9,07|01|1394,82|3,00|||41,84||
|C170|7|200040||3,00000|UN|3273,15||0|000|5152||3273,15|17,00|556,44|0||0|||||||01|3273,15|0,65|||21,28|01|3273,15|3,00|||98,19||
|C170|8|200370||4,00000|UN|787,04||0|000|5152||787,04|17,00|133,80|0||0|||||||01|787,04|0,65|||5,12|01|787,04|3,00|||23,61||
|C170|9|200520||10,00000|UN|976,50||0|000|5152||976,50|17,00|166,00|0||0|||||||01|976,50|0,65|||6,35|01|976,50|3,00|||29,30||
|C170|10|950360||2,00000|UN|537,98||0|000|5152||537,98|17,00|91,46|0||0|||||||01|537,98|0,65|||3,50|01|537,98|3,00|||16,14||
|C170|11|120110||2,00000|UN|205,86||0|000|5152||205,86|17,00|35,00|0||0|||||||01|205,86|0,65|||1,34|01|205,86|3,00|||6,18||
|C170|12|120130||6,00000|UN|182,28||0|000|5152||182,28|17,00|30,99|0||0|||||||01|182,28|0,65|||1,18|01|182,28|3,00|||5,47||
|C170|13|120090||20,00000|UN|847,00||0|000|5152||847,00|17,00|143,99|0||0|||||||01|847,00|0,65|||5,51|01|847,00|3,00|||25,41||
|C190|000|5152|17,00|12511,05|12511,55|2126,96|0|0|0|0||
|C100|1|0|800008026|01|00|U|0069333||13072011|13072011|3621,30|0|||3621,30|9||||3621,30|615,62||||||||
|C170|1|270010||5,00000|UN|1751,30||0|000|5152||1751,30|17,00|297,72|0||0|||||||01|1751,30|0,65|||11,38|01|1751,30|3,00|||52,54||
|C170|2|300010||2,00000|UN|1660,00||0|000|5152||1660,00|17,00|282,20|0||0|||||||01|1660,00|0,65|||10,79|01|1660,00|3,00|||49,80||
|C170|3|650200||10,00000|UN|210,00||0|000|5152||210,00|17,00|35,70|0||0|||||||01|210,00|0,65|||1,37|01|210,00|3,00|||6,30||
|C190|000|5152|17,00|3621,30|3621,30|615,62|0|0|0|0||
|C100|1|0|800008026|01|00|U|0069336||14072011|14072011|335,10|0|||335,10|9||||335,10|56,97||||||||
|C170|1|180243||1,00000|UN|335,10||0|000|5152||335,10|17,00|56,97|0||0|||||||01|335,10|0,65|||2,18|01|335,10|3,00|||10,05||
|C190|000|5152|17,00|335,10|335,10|56,97|0|0|0|0||
|C100|1|0|800008026|01|00|U|0069341||15072011|15072011|13,24|0|||13,24|9||||13,24|2,25||||||||
|C170|1|870110||4,00000|UN|13,24||0|000|5152||13,24|17,00|2,25|0||0|||||||01|13,24|0,65|||0,09|01|13,24|3,00|||0,40||
|C190|000|5152|17,00|13,24|13,24|2,25|0|0|0|0||
|C100|1|0|800008026|01|00|U|0069345||18072011|18072011|3576,04|0|||3576,04|9||||3576,04|607,93||||||||
|C170|1|051220||1,00000|UN|562,48||0|000|5152||562,48|17,00|95,62|0||0|||||||01|562,48|0,65|||3,66|01|562,48|3,00|||16,87||
|C170|2|180910||1,00000|UN|3013,56||0|000|5152||3013,56|17,00|512,31|0||0|||||||01|3013,56|0,65|||19,59|01|3013,56|3,00|||90,41||
|C190|000|5152|17,00|3576,04|3576,04|607,93|0|0|0|0||
|C100|1|0|800008026|01|00|U|0069346||18072011|18072011|957,50|0|||957,50|9||||957,50|162,78||||||||
|C170|1|030970||1,00000|UN|957,50||0|000|5152||957,50|17,00|162,78|0||0|||||||01|957,50|0,65|||6,22|01|957,50|3,00|||28,73||
|C190|000|5152|17,00|957,50|957,50|162,78|0|0|0|0||
|C100|1|0|800008026|01|00|U|0069348||18072011|18072011|493,09|0|||493,09|9||||493,09|83,83||||||||
|C170|1|200390||1,00000|UN|295,74||0|000|5152||295,74|17,00|50,28|0||0|||||||01|295,74|0,65|||1,92|01|295,74|3,00|||8,87||
|C170|2|290230||1,00000|UN|66,26||0|000|5152||66,26|17,00|11,26|0||0|||||||01|66,26|0,65|||0,43|01|66,26|3,00|||1,99||
|C170|3|330130||1,00000|UN|131,09||0|000|5152||131,09|17,00|22,29|0||0|||||||01|131,09|0,65|||0,85|01|131,09|3,00|||3,93||
|C190|000|5152|17,00|493,09|493,09|83,83|0|0|0|0||
|C100|1|0|800008026|01|00|U|0069351||19072011|19072011|427,81|0|||427,81|9||||427,81|72,73||||||||
|C170|1|700451||2,00000|UN|22,38||0|000|5152||22,38|17,00|3,80|0||0|||||||01|22,38|0,65|||0,15|01|22,38|3,00|||0,67||
|C170|2|700480||3,00000|UN|39,51||0|000|5152||39,51|17,00|6,72|0||0|||||||01|39,51|0,65|||0,26|01|39,51|3,00|||1,19||
|C170|3|701390||3,00000|UN|22,47||0|000|5152||22,47|17,00|3,82|0||0|||||||01|22,47|0,65|||0,15|01|22,47|3,00|||0,67||
|C170|4|701420||6,00000|UN|42,24||0|000|5152||42,24|17,00|7,18|0||0|||||||01|42,24|0,65|||0,27|01|42,24|3,00|||1,27||
|C170|5|701410||4,00000|UN|33,24||0|000|5152||33,24|17,00|5,65|0||0|||||||01|33,24|0,65|||0,22|01|33,24|3,00|||1,00||
|C170|6|701421||2,00000|UN|25,10||0|000|5152||25,10|17,00|4,27|0||0|||||||01|25,10|0,65|||0,16|01|25,10|3,00|||0,75||
|C170|7|701620||2,00000|UN|29,80||0|000|5152||29,80|17,00|5,07|0||0|||||||01|29,80|0,65|||0,19|01|29,80|3,00|||0,89||
|C170|8|701630||2,00000|UN|34,50||0|000|5152||34,50|17,00|5,87|0||0|||||||01|34,50|0,65|||0,22|01|34,50|3,00|||1,04||
|C170|9|701730||1,00000|UN|17,97||0|000|5152||17,97|17,00|3,05|0||0|||||||01|17,97|0,65|||0,12|01|17,97|3,00|||0,54||
|C170|10|701430||1,00000|UN|8,94||0|000|5152||8,94|17,00|1,52|0||0|||||||01|8,94|0,65|||0,06|01|8,94|3,00|||0,27||
|C170|11|701431||2,00000|UN|34,36||0|000|5152||34,36|17,00|5,84|0||0|||||||01|34,36|0,65|||0,22|01|34,36|3,00|||1,03||
|C170|12|701610||1,00000|UN|7,68||0|000|5152||7,68|17,00|1,31|0||0|||||||01|7,68|0,65|||0,05|01|7,68|3,00|||0,23||
|C170|13|701600||2,00000|UN|31,74||0|000|5152||31,74|17,00|5,40|0||0|||||||01|31,74|0,65|||0,21|01|31,74|3,00|||0,95||
|C170|14|701590||2,00000|UN|32,40||0|000|5152||32,40|17,00|5,51|0||0|||||||01|32,40|0,65|||0,21|01|32,40|3,00|||0,97||
|C170|15|701750||3,00000|UN|45,48||0|000|5152||45,48|17,00|7,73|0||0|||||||01|45,48|0,65|||0,30|01|45,48|3,00|||1,36||
|C190|000|5152|17,00|427,81|427,81|72,73|0|0|0|0||
|C100|1|0|800008026|01|00|U|0069352||19072011|19072011|417,44|0|||417,44|9||||417,44|70,96||||||||
|C170|1|700181||1,00000|UN|13,54||0|000|5152||13,54|17,00|2,30|0||0|||||||01|13,54|0,65|||0,09|01|13,54|3,00|||0,41||
|C170|2|700490||3,00000|UN|16,14||0|000|5152||16,14|17,00|2,74|0||0|||||||01|16,14|0,65|||0,10|01|16,14|3,00|||0,48||
|C170|3|700712||2,00000|UN|29,36||0|000|5152||29,36|17,00|4,99|0||0|||||||01|29,36|0,65|||0,19|01|29,36|3,00|||0,88||
|C170|4|701080||2,00000|UN|53,30||0|000|5152||53,30|17,00|9,06|0||0|||||||01|53,30|0,65|||0,35|01|53,30|3,00|||1,60||
|C170|5|700970||3,00000|UN|18,75||0|000|5152||18,75|17,00|3,19|0||0|||||||01|18,75|0,65|||0,12|01|18,75|3,00|||0,56||
|C170|6|700880||1,00000|UN|5,06||0|000|5152||5,06|17,00|0,86|0||0|||||||01|5,06|0,65|||0,03|01|5,06|3,00|||0,15||
|C170|7|701082||1,00000|UN|49,02||0|000|5152||49,02|17,00|8,33|0||0|||||||01|49,02|0,65|||0,32|01|49,02|3,00|||1,47||
|C170|8|701800||1,00000|UN|7,24||0|000|5152||7,24|17,00|1,23|0||0|||||||01|7,24|0,65|||0,05|01|7,24|3,00|||0,22||
|C170|9|702180||2,00000|UN|127,58||0|000|5152||127,58|17,00|21,69|0||0|||||||01|127,58|0,65|||0,83|01|127,58|3,00|||3,83||
|C170|10|702150||3,00000|UN|15,21||0|000|5152||15,21|17,00|2,59|0||0|||||||01|15,21|0,65|||0,10|01|15,21|3,00|||0,46||
|C170|11|702160||4,00000|UN|33,72||0|000|5152||33,72|17,00|5,73|0||0|||||||01|33,72|0,65|||0,22|01|33,72|3,00|||1,01||
|C170|12|702130||1,00000|UN|16,23||0|000|5152||16,23|17,00|2,76|0||0|||||||01|16,23|0,65|||0,11|01|16,23|3,00|||0,49||
|C170|13|702120||3,00000|UN|16,83||0|000|5152||16,83|17,00|2,86|0||0|||||||01|16,83|0,65|||0,11|01|16,83|3,00|||0,50||
|C170|14|701131||1,00000|UN|15,46||0|000|5152||15,46|17,00|2,63|0||0|||||||01|15,46|0,65|||0,10|01|15,46|3,00|||0,46||
|C190|000|5152|17,00|417,44|417,44|70,96|0|0|0|0||
|C100|1|0|800008026|01|00|U|0069353||19072011|19072011|3318,37|0|||3318,37|9||||3318,37|564,12||||||||
|C170|1|030333||1,00000|UN|1117,45||0|000|5152||1117,45|17,00|189,97|0||0|||||||01|1117,45|0,65|||7,26|01|1117,45|3,00|||33,52||
|C170|2|031093||5,00000|UN|1164,60||0|000|5152||1164,60|17,00|197,98|0||0|||||||01|1164,60|0,65|||7,57|01|1164,60|3,00|||34,94||
|C170|3|031260||3,00000|UN|1036,32||0|000|5152||1036,32|17,00|176,17|0||0|||||||01|1036,32|0,65|||6,74|01|1036,32|3,00|||31,09||
|C190|000|5152|17,00|3318,37|3318,37|564,12|0|0|0|0||
|C100|1|0|800008026|01|00|U|0069354||19072011|19072011|377,05|0|||377,05|9||||377,05|64,10||||||||
|C170|1|700180||3,00000|UN|16,83||0|000|5152||16,83|17,00|2,86|0||0|||||||01|16,83|0,65|||0,11|01|16,83|3,00|||0,50||
|C170|2|700242||1,00000|UN|5,61||0|000|5152||5,61|17,00|0,95|0||0|||||||01|5,61|0,65|||0,04|01|5,61|3,00|||0,17||
|C170|3|701321||3,00000|UN|98,40||0|000|5152||98,40|17,00|16,73|0||0|||||||01|98,40|0,65|||0,64|01|98,40|3,00|||2,95||
|C170|4|700322||6,00000|UN|14,70||0|000|5152||14,70|17,00|2,50|0||0|||||||01|14,70|0,65|||0,10|01|14,70|3,00|||0,44||
|C170|5|701070||1,00000|UN|7,24||0|000|5152||7,24|17,00|1,23|0||0|||||||01|7,24|0,65|||0,05|01|7,24|3,00|||0,22||
|C170|6|701040||2,00000|UN|43,28||0|000|5152||43,28|17,00|7,36|0||0|||||||01|43,28|0,65|||0,28|01|43,28|3,00|||1,30||
|C170|7|701360||3,00000|UN|15,96||0|000|5152||15,96|17,00|2,71|0||0|||||||01|15,96|0,65|||0,10|01|15,96|3,00|||0,48||
|C170|8|701391||3,00000|UN|36,48||0|000|5152||36,48|17,00|6,20|0||0|||||||01|36,48|0,65|||0,24|01|36,48|3,00|||1,09||
|C170|9|701322||3,00000|UN|35,55||0|000|5152||35,55|17,00|6,04|0||0|||||||01|35,55|0,65|||0,23|01|35,55|3,00|||1,07||
|C170|10|701323||1,00000|UN|17,14||0|000|5152||17,14|17,00|2,91|0||0|||||||01|17,14|0,65|||0,11|01|17,14|3,00|||0,51||
|C170|11|701830||1,00000|UN|16,32||0|000|5152||16,32|17,00|2,77|0||0|||||||01|16,32|0,65|||0,11|01|16,32|3,00|||0,49||
|C170|12|701820||1,00000|UN|6,77||0|000|5152||6,77|17,00|1,15|0||0|||||||01|6,77|0,65|||0,04|01|6,77|3,00|||0,20||
|C170|13|701831||1,00000|UN|36,12||0|000|5152||36,12|17,00|6,14|0||0|||||||01|36,12|0,65|||0,23|01|36,12|3,00|||1,08||
|C170|14|701810||1,00000|UN|7,70||0|000|5152||7,70|17,00|1,31|0||0|||||||01|7,70|0,65|||0,05|01|7,70|3,00|||0,23||
|C170|15|701890||1,00000|UN|18,95||0|000|5152||18,95|17,00|3,22|0||0|||||||01|18,95|0,65|||0,12|01|18,95|3,00|||0,57||
|C190|000|5152|17,00|377,05|377,05|64,10|0|0|0|0||
|C100|1|0|800008026|01|00|U|0069355||19072011|19072011|366,90|0|||366,90|9||||366,90|62,37||||||||
|C170|1|700542||2,00000|UN|14,50||0|000|5152||14,50|17,00|2,46|0||0|||||||01|14,50|0,65|||0,09|01|14,50|3,00|||0,44||
|C170|2|700543||2,00000|UN|20,48||0|000|5152||20,48|17,00|3,48|0||0|||||||01|20,48|0,65|||0,13|01|20,48|3,00|||0,61||
|C170|3|700790||1,00000|UN|12,50||0|000|5152||12,50|17,00|2,13|0||0|||||||01|12,50|0,65|||0,08|01|12,50|3,00|||0,38||
|C170|4|700801||1,00000|UN|9,43||0|000|5152||9,43|17,00|1,60|0||0|||||||01|9,43|0,65|||0,06|01|9,43|3,00|||0,28||
|C170|5|700650||3,00000|UN|26,91||0|000|5152||26,91|17,00|4,57|0||0|||||||01|26,91|0,65|||0,17|01|26,91|3,00|||0,81||
|C170|6|700640||6,00000|UN|8,64||0|000|5152||8,64|17,00|1,47|0||0|||||||01|8,64|0,65|||0,06|01|8,64|3,00|||0,26||
|C170|7|701811||1,00000|UN|14,42||0|000|5152||14,42|17,00|2,45|0||0|||||||01|14,42|0,65|||0,09|01|14,42|3,00|||0,43||
|C170|8|701270||1,00000|UN|10,33||0|000|5152||10,33|17,00|1,76|0||0|||||||01|10,33|0,65|||0,07|01|10,33|3,00|||0,31||
|C170|9|701250||1,00000|UN|12,87||0|000|5152||12,87|17,00|2,19|0||0|||||||01|12,87|0,65|||0,08|01|12,87|3,00|||0,39||
|C170|10|701260||2,00000|UN|35,54||0|000|5152||35,54|17,00|6,04|0||0|||||||01|35,54|0,65|||0,23|01|35,54|3,00|||1,07||
|C170|11|701812||1,00000|UN|11,06||0|000|5152||11,06|17,00|1,88|0||0|||||||01|11,06|0,65|||0,07|01|11,06|3,00|||0,33||
|C170|12|701450||1,00000|UN|8,27||0|000|5152||8,27|17,00|1,41|0||0|||||||01|8,27|0,65|||0,05|01|8,27|3,00|||0,25||
|C170|13|700891||3,00000|UN|97,98||0|000|5152||97,98|17,00|16,66|0||0|||||||01|97,98|0,65|||0,64|01|97,98|3,00|||2,94||
|C170|14|700893||1,00000|UN|26,31||0|000|5152||26,31|17,00|4,47|0||0|||||||01|26,31|0,65|||0,17|01|26,31|3,00|||0,79||
|C170|15|702080||6,00000|UN|57,66||0|000|5152||57,66|17,00|9,80|0||0|||||||01|57,66|0,65|||0,37|01|57,66|3,00|||1,73||
|C190|000|5152|17,00|366,90|366,90|62,37|0|0|0|0||
|C100|1|0|800008026|01|00|U|0069356||19072011|19072011|203,97|0|||203,97|9||||203,97|34,67||||||||
|C170|1|700270||3,00000|UN|12,45||0|000|5152||12,45|17,00|2,12|0||0|||||||01|12,45|0,65|||0,08|01|12,45|3,00|||0,37||
|C170|2|700280||4,00000|UN|11,20||0|000|5152||11,20|17,00|1,90|0||0|||||||01|11,20|0,65|||0,07|01|11,20|3,00|||0,34||
|C170|3|700434||2,00000|UN|12,50||0|000|5152||12,50|17,00|2,13|0||0|||||||01|12,50|0,65|||0,08|01|12,50|3,00|||0,38||
|C170|4|700570||2,00000|UN|6,68||0|000|5152||6,68|17,00|1,14|0||0|||||||01|6,68|0,65|||0,04|01|6,68|3,00|||0,20||
|C170|5|700432||3,00000|UN|39,78||0|000|5152||39,78|17,00|6,76|0||0|||||||01|39,78|0,65|||0,26|01|39,78|3,00|||1,19||
|C170|6|700541||2,00000|UN|31,74||0|000|5152||31,74|17,00|5,40|0||0|||||||01|31,74|0,65|||0,21|01|31,74|3,00|||0,95||
|C170|7|702240||1,00000|UN|6,97||0|000|5152||6,97|17,00|1,18|0||0|||||||01|6,97|0,65|||0,05|01|6,97|3,00|||0,21||
|C170|8|700590||4,00000|UN|17,72||0|000|5152||17,72|17,00|3,01|0||0|||||||01|17,72|0,65|||0,12|01|17,72|3,00|||0,53||
|C170|9|702040||2,00000|UN|25,18||0|000|5152||25,18|17,00|4,28|0||0|||||||01|25,18|0,65|||0,16|01|25,18|3,00|||0,76||
|C170|10|700881||2,00000|UN|20,26||0|000|5152||20,26|17,00|3,44|0||0|||||||01|20,26|0,65|||0,13|01|20,26|3,00|||0,61||
|C170|11|701760||2,00000|UN|13,60||0|000|5152||13,60|17,00|2,31|0||0|||||||01|13,60|0,65|||0,09|01|13,60|3,00|||0,41||
|C170|12|700740||1,00000|UN|5,89||0|000|5152||5,89|17,00|1,00|0||0|||||||01|5,89|0,65|||0,04|01|5,89|3,00|||0,18||
|C190|000|5152|17,00|203,97|203,97|34,67|0|0|0|0||
|C100|1|0|800008026|01|00|U|0069359||19072011|19072011|4,56|0|||4,56|9||||4,56|0,78||||||||
|C170|1|700730||1,00000|UN|4,56||0|000|5152||4,56|17,00|0,78|0||0|||||||01|4,56|0,65|||0,03|01|4,56|3,00|||0,14||
|C190|000|5152|17,00|4,56|4,56|0,78|0|0|0|0||
|C100|1|0|800008026|01|00|U|0069360||20072011|20072011|5716,06|0|||5716,06|9||||5716,06|971,73||||||||
|C170|1|030283||1,00000|UN|289,91||0|000|5152||289,91|17,00|49,28|0||0|||||||01|289,91|0,65|||1,88|01|289,91|3,00|||8,70||
|C170|2|030333||1,00000|UN|1117,45||0|000|5152||1117,45|17,00|189,97|0||0|||||||01|1117,45|0,65|||7,26|01|1117,45|3,00|||33,52||
|C170|3|030373||1,00000|UN|738,61||0|000|5152||738,61|17,00|125,56|0||0|||||||01|738,61|0,65|||4,80|01|738,61|3,00|||22,16||
|C170|4|950330||1,00000|UN|1236,75||0|000|5152||1236,75|17,00|210,25|0||0|||||||01|1236,75|0,65|||8,04|01|1236,75|3,00|||37,10||
|C170|5|040520||2,00000|UN|1236,88||0|000|5152||1236,88|17,00|210,27|0||0|||||||01|1236,88|0,65|||8,04|01|1236,88|3,00|||37,11||
|C170|6|040530||2,00000|UN|1096,46||0|000|5152||1096,46|17,00|186,40|0||0|||||||01|1096,46|0,65|||7,13|01|1096,46|3,00|||32,89||
|C190|000|5152|17,00|5716,06|5716,06|971,73|0|0|0|0||
|C100|1|0|800008026|01|00|U|0069361||20072011|20072011|1065,46|0|||1065,46|9||||1065,46|181,13||||||||
|C170|1|180790||1,00000|UN|1065,46||0|000|5152||1065,46|17,00|181,13|0||0|||||||01|1065,46|0,65|||6,93|01|1065,46|3,00|||31,96||
|C190|000|5152|17,00|1065,46|1065,46|181,13|0|0|0|0||
|C100|1|0|800008026|01|00|U|0069363||20072011|20072011|97,65|0|||97,65|9||||97,65|16,60||||||||
|C170|1|200520||1,00000|UN|97,65||0|000|5152||97,65|17,00|16,60|0||0|||||||01|97,65|0,65|||0,63|01|97,65|3,00|||2,93||
|C190|000|5152|17,00|97,65|97,65|16,60|0|0|0|0||
|C100|1|0|800008026|01|00|U|0069364||21072011|21072011|1077,63|0|||1077,63|9||||1077,63|183,20||||||||
|C170|1|050840||3,00000|UN|1077,63||0|000|5152||1077,63|17,00|183,20|0||0|||||||01|1077,63|0,65|||7,00|01|1077,63|3,00|||32,33||
|C190|000|5152|17,00|1077,63|1077,63|183,20|0|0|0|0||
|C100|1|0|800008026|01|00|U|0069365||21072011|21072011|668,99|0|||668,99|9||||668,99|113,73||||||||
|C170|1|030363||1,00000|UN|668,99||0|000|5152||668,99|17,00|113,73|0||0|||||||01|668,99|0,65|||4,35|01|668,99|3,00|||20,07||
|C190|000|5152|17,00|668,99|668,99|113,73|0|0|0|0||
|C100|1|0|800008026|01|00|U|0069369||21072011|21072011|9184,17|0|||9184,17|9||||9184,17|1561,31||||||||
|C170|1|030850||1,00000|UN|1476,19||0|000|5152||1476,19|17,00|250,95|0||0|||||||01|1476,19|0,65|||9,60|01|1476,19|3,00|||44,29||
|C170|2|030940||1,00000|UN|997,45||0|000|5152||997,45|17,00|169,57|0||0|||||||01|997,45|0,65|||6,48|01|997,45|3,00|||29,92||
|C170|3|180770||5,00000|UN|3728,30||0|000|5152||3728,30|17,00|633,81|0||0|||||||01|3728,30|0,65|||24,23|01|3728,30|3,00|||111,85||
|C170|4|040430||3,00000|UN|594,15||0|000|5152||594,15|17,00|101,01|0||0|||||||01|594,15|0,65|||3,86|01|594,15|3,00|||17,82||
|C170|5|180390||2,00000|UN|1278,12||0|000|5152||1278,12|17,00|217,28|0||0|||||||01|1278,12|0,65|||8,31|01|1278,12|3,00|||38,34||
|C170|6|250520||2,00000|UN|1109,96||0|000|5152||1109,96|17,00|188,69|0||0|||||||01|1109,96|0,65|||7,21|01|1109,96|3,00|||33,30||
|C190|000|5152|17,00|9184,17|9184,17|1561,31|0|0|0|0||
|C100|1|0|800008026|01|00|U|0069371||22072011|22072011|523,65|0|||523,65|9||||523,65|89,02||||||||
|C170|1|031120||1,00000|UN|523,65||0|000|5152||523,65|17,00|89,02|0||0|||||||01|523,65|0,65|||3,40|01|523,65|3,00|||15,71||
|C190|000|5152|17,00|523,65|523,65|89,02|0|0|0|0||
|C100|1|0|800008026|01|00|U|0069372||22072011|22072011|2034,91|0|||2034,91|9||||2034,91|345,93||||||||
|C170|1|180270||7,00000|UN|1078,21||0|000|5152||1078,21|17,00|183,30|0||0|||||||01|1078,21|0,65|||7,01|01|1078,21|3,00|||32,35||
|C170|2|180273||5,00000|UN|956,70||0|000|5152||956,70|17,00|162,64|0||0|||||||01|956,70|0,65|||6,22|01|956,70|3,00|||28,70||
|C190|000|5152|17,00|2034,91|2034,91|345,93|0|0|0|0||
|C100|1|0|800008026|01|00|U|0069373||22072011|22072011|187,05|0|||187,05|9||||187,05|31,80||||||||
|C170|1|100013||1,00000|UN|187,05||0|000|5152||187,05|17,00|31,80|0||0|||||||01|187,05|0,65|||1,22|01|187,05|3,00|||5,61||
|C190|000|5152|17,00|187,05|187,05|31,80|0|0|0|0||
|C100|1|0|800008026|01|00|U|0069375||22072011|22072011|145,20|0|||145,20|9||||145,20|24,68||||||||
|C170|1|180263||1,00000|UN|145,20||0|000|5152||145,20|17,00|24,68|0||0|||||||01|145,20|0,65|||0,94|01|145,20|3,00|||4,36||
|C190|000|5152|17,00|145,20|145,20|24,68|0|0|0|0||
|C100|1|0|800008026|01|00|U|0069316||08072011|08072011|1001,20|0|||1001,20|9||||1001,20|170,20||||||||
|C170|1|030780||1,00000|UN|1001,20||0|000|5152||1001,20|17,00|170,20|0||0|||||||01|1001,20|0,65|||6,51|01|1001,20|3,00|||30,04||
|C190|000|5152|17,00|1001,20|1001,20|170,20|0|0|0|0||
|C100|1|0|800008026|01|00|U|0069317||09072011|09072011|4651,66|0|||4651,66|9||||4651,66|790,78||||||||
|C170|1|180203||6,00000|UN|1435,86||0|000|5152||1435,86|17,00|244,10|0||0|||||||01|1435,86|0,65|||9,33|01|1435,86|3,00|||43,08||
|C170|2|180243||5,00000|UN|1675,50||0|000|5152||1675,50|17,00|284,83|0||0|||||||01|1675,50|0,65|||10,89|01|1675,50|3,00|||50,27||
|C170|3|180270||10,00000|UN|1540,30||0|000|5152||1540,30|17,00|261,85|0||0|||||||01|1540,30|0,65|||10,01|01|1540,30|3,00|||46,21||
|C190|000|5152|17,00|4651,66|4651,66|790,78|0|0|0|0||
|C100|1|0|800008026|01|00|U|0069319||11072011|11072011|2396,04|0|||2396,04|9||||2396,04|407,33||||||||
|C170|1|103230||2,00000|UN|38,84||0|000|5152||38,84|17,00|6,60|0||0|||||||01|38,84|0,65|||0,25|01|38,84|3,00|||1,17||
|C170|2|150040||30,00000|UN|1041,00||0|000|5152||1041,00|17,00|176,97|0||0|||||||01|1041,00|0,65|||6,77|01|1041,00|3,00|||31,23||
|C170|3|290060||5,00000|UN|710,20||0|000|5152||710,20|17,00|120,73|0||0|||||||01|710,20|0,65|||4,62|01|710,20|3,00|||21,31||
|C170|4|150420||10,00000|UN|606,00||0|000|5152||606,00|17,00|103,02|0||0|||||||01|606,00|0,65|||3,94|01|606,00|3,00|||18,18||
|C190|000|5152|17,00|2396,04|2396,04|407,33|0|0|0|0||
|C100|1|0|800008026|01|00|U|0069320||11072011|11072011|1102,99|0|||1102,99|9||||1102,99|187,51||||||||
|C170|1|030143||1,00000|UN|1102,99||0|000|5152||1102,99|17,00|187,51|0||0|||||||01|1102,99|0,65|||7,17|01|1102,99|3,00|||33,09||
|C190|000|5152|17,00|1102,99|1102,99|187,51|0|0|0|0||
|C100|1|0|800008026|01|00|U|0069323||12072011|12072011|5970,21|0|||5970,21|9||||5970,21|1014,94||||||||
|C170|1|030900||2,00000|UN|711,02||0|000|5152||711,02|17,00|120,87|0||0|||||||01|711,02|0,65|||4,62|01|711,02|3,00|||21,33||
|C170|2|030910||2,00000|UN|1069,02||0|000|5152||1069,02|17,00|181,73|0||0|||||||01|1069,02|0,65|||6,95|01|1069,02|3,00|||32,07||
|C170|3|031150||1,00000|UN|1075,02||0|000|5152||1075,02|17,00|182,75|0||0|||||||01|1075,02|0,65|||6,99|01|1075,02|3,00|||32,25||
|C170|4|040290||3,00000|UN|1925,34||0|000|5152||1925,34|17,00|327,31|0||0|||||||01|1925,34|0,65|||12,51|01|1925,34|3,00|||57,76||
|C170|5|031030||1,00000|UN|772,53||0|000|5152||772,53|17,00|131,33|0||0|||||||01|772,53|0,65|||5,02|01|772,53|3,00|||23,18||
|C170|6|040360||2,00000|UN|417,28||0|000|5152||417,28|17,00|70,94|0||0|||||||01|417,28|0,65|||2,71|01|417,28|3,00|||12,52||
|C190|000|5152|17,00|5970,21|5970,21|1014,94|0|0|0|0||
|C100|1|0|800008026|01|00|U|0069381||25072011|25072011|1331,80|0|||1331,80|9||||1331,80|226,41||||||||
|C170|1|030093||1,00000|UN|1331,80||0|000|5152||1331,80|17,00|226,41|0||0|||||||01|1331,80|0,65|||8,66|01|1331,80|3,00|||39,95||
|C190|000|5152|17,00|1331,80|1331,80|226,41|0|0|0|0||
|C100|1|0|800007163|01|00|U|0069334||13072011|13072011|389,00|0|||389,00|9||||0|0||||||||
|C170|1|100220||1,00000|UN|389,00||0|041|5949|||||0||0|||||||99||||||99|||||||
|C190|041|5949||389,00|0|0|0|0|0|0||
|C100|1|0|800007164|01|00|U|0069302||04072011|04072011|799,00|0|||799,00|9||||0|0||||||||
|C170|1|050683||1,00000|UN|799,00||0|041|5949|||||0||0|||||||99||||||99|||||||
|C190|041|5949||799,00|0|0|0|0|0|0||
|C100|1|0|800007165|01|00|U|0069297||02072011|02072011|2999,00|0|||2999,00|9||||0|0||||||||
|C170|1|030100||1,00000|UN|2999,00||0|041|5949|||||0||0|||||||99||||||99|||||||
|C190|041|5949||2999,00|0|0|0|0|0|0||
|C100|1|0|800006994|01|00|U|0069357||19072011|19072011|1120,00|0|||1120,00|9||||0|0||||||||
|C170|1|031240||1,00000|UN|142,00||0|041|5949|||||0||0|||||||99||||||99|||||||
|C170|2|040360||1,00000|UN|166,00||0|041|5949|||||0||0|||||||99||||||99|||||||
|C170|3|200030||1,00000|UN|569,00||0|041|5949|||||0||0|||||||99||||||99|||||||
|C170|4|090280||1,00000|UN|85,00||0|041|5949|||||0||0|||||||99||||||99|||||||
|C170|5|290300||1,00000|UN|61,00||0|041|5949|||||0||0|||||||99||||||99|||||||
|C170|6|330030||1,00000|UN|61,00||0|041|5949|||||0||0|||||||99||||||99|||||||
|C170|7|330240||1,00000|UN|36,00||0|041|5949|||||0||0|||||||99||||||99|||||||
|C190|041|5949||1120,00|0|0|0|0|0|0||
|C100|1|0|800006994|01|00|U|0069358||19072011|19072011|1897,00|0|||1897,00|9||||0|0||||||||
|C170|1|030523||1,00000|UN|169,00||0|041|5949|||||0||0|||||||99||||||99|||||||
|C170|2|031190||1,00000|UN|499,00||0|041|5949|||||0||0|||||||99||||||99|||||||
|C170|3|040053||1,00000|UN|619,00||0|041|5949|||||0||0|||||||99||||||99|||||||
|C170|4|040183||1,00000|UN|450,00||0|041|5949|||||0||0|||||||99||||||99|||||||
|C170|5|180253||1,00000|UN|160,00||0|041|5949|||||0||0|||||||99||||||99|||||||
|C190|041|5949||1897,00|0|0|0|0|0|0||
|C100|1|0|800006994|01|00|U|0069394||28072011|28072011|6796,00|0|||6796,00|9||||0|0||||||||
|C170|1|030253||1,00000|UN|1599,00||0|041|5949|||||0||0|||||||99||||||99|||||||
|C170|2|160130||1,00000|UN|399,00||0|041|5949|||||0||0|||||||99||||||99|||||||
|C170|3|180970||1,00000|UN|2999,00||0|041|5949|||||0||0|||||||99||||||99|||||||
|C170|4|180790||1,00000|UN|1799,00||0|041|5949|||||0||0|||||||99||||||99|||||||
|C190|041|5949||6796,00|0|0|0|0|0|0||
|C100|1|0|800006994|01|00|U|0069382||26072011|26072011|3033,30|0|||3033,30|9||||0|0||||||||
|C170|1|030153||2,00000|UN|3033,30||0|041|5915|||||0||0|||||||99||||||99|||||||
|C190|041|5915||3033,30|0|0|0|0|0|0||
|C100|1|0|800006994|01|00|U|0069311||07072011|07072011|132,00|0|||132,00|9||||0|0||||||||
|C170|1|200360||1,00000|UN|132,00||0|041|5915|||||0||0|||||||99||||||99|||||||
|C190|041|5915||132,00|0|0|0|0|0|0||
|C100|1|0|800006994|01|00|U|0069312||07072011|07072011|601,75|0|||601,75|9||||0|0||||||||
|C170|1|270020||1,00000|UN|601,75||0|041|5915|||||0||0|||||||99||||||99|||||||
|C190|041|5915||601,75|0|0|0|0|0|0||
|C100|1|0|800007166|01|00|U|0069327||12072011|12072011|2390,00|0|||2390,00|9||||0|0||||||||
|C170|1|040233||1,00000|UN|2390,00||0|041|5949|||||0||0|||||||99||||||99|||||||
|C190|041|5949||2390,00|0|0|0|0|0|0||
|C100|1|0|800007167|01|00|U|0069324||12072011|12072011|1649,00|0|||1649,00|9||||0|0||||||||
|C170|1|220133||1,00000|UN|1649,00||0|041|5949|||||0||0|||||||99||||||99|||||||
|C190|041|5949||1649,00|0|0|0|0|0|0||
|C100|1|0|800007168|01|00|U|0069384||26072011|26072011|870,00|0|||870,00|9||||0|0||||||||
|C170|1|040143||1,00000|UN|870,00||0|041|5949|||||0||0|||||||99||||||99|||||||
|C190|041|5949||870,00|0|0|0|0|0|0||
|C100|1|0|800007152|01|00|U|0069289||01072011|01072011|3136,00|0|||3136,00|9||||0|0||||||||
|C170|1|040133||1,00000|UN|738,00||0|041|5949|||||0||0|||||||99||||||99|||||||
|C170|2|220460||1,00000|UN|1919,00||0|041|5949|||||0||0|||||||99||||||99|||||||
|C170|3|950360||1,00000|UN|479,00||0|041|5949|||||0||0|||||||99||||||99|||||||
|C190|041|5949||3136,00|0|0|0|0|0|0||
|C100|1|0|800007169|01|00|U|0069377||23072011|23072011|1349,00|0|||1349,00|9||||0|0||||||||
|C170|1|051210||1,00000|UN|1349,00||0|041|5949|||||0||0|||||||99||||||99|||||||
|C190|041|5949||1349,00|0|0|0|0|0|0||
|C100|0|1|800008026|01|00|1|0008799||20072011|20072011|183,93|0|||183,93|9||||183,93|31,27||||||||
|C170|1|200360||1,00000|UN|132,00||0|000|1152||132,00|17,00|22,44|0||0||||||||||||||||||||
|C170|2|950300||1,00000|UN|51,93||0|000|1152||51,93|17,00|8,83|0||0||||||||||||||||||||
|C190|000|1152|17,00|183,93|183,93|31,27|0|0|0|0||
|C100|0|1|800008026|01|00|1|0008801||21072011|21072011|1175,64|0|||1175,64|9||||1175,64|199,86||||||||
|C170|1|031273||1,00000|UN|1127,13||0|000|1152||1127,13|17,00|191,61|0||0||||||||||||||||||||
|C170|2|106120||1,00000|UN|12,01||0|000|1152||12,01|17,00|2,04|0||0||||||||||||||||||||
|C170|3|660820||1,00000|UN|36,50||0|000|1152||36,50|17,00|6,21|0||0||||||||||||||||||||
|C190|000|1152|17,00|1175,64|1175,64|199,86|0|0|0|0||
|C100|0|1|800008026|01|00|1|0008804||23072011|23072011|103,30|0|||103,30|9||||103,30|17,56||||||||
|C170|1|810393||1,00000|UN|103,30||0|000|1152||103,30|17,00|17,56|0||0||||||||||||||||||||
|C190|000|1152|17,00|103,30|103,30|17,56|0|0|0|0||
|C100|0|1|800008026|01|00|1|0008806||25072011|25072011|542,34|0|||542,34|9||||542,34|92,20||||||||
|C170|1|040163||1,00000|UN|523,83||0|000|1152||523,83|17,00|89,05|0||0||||||||||||||||||||
|C170|2|902680||3,00000|UN|18,51||0|000|1152||18,51|17,00|3,15|0||0||||||||||||||||||||
|C190|000|1152|17,00|542,34|542,34|92,20|0|0|0|0||
|C100|0|1|800008026|01|00|1|0008808||26072011|26072011|16,52|0|||16,52|9||||16,52|2,81||||||||
|C170|1|501120||1,00000|UN|16,52||0|000|1152||16,52|17,00|2,81|0||0||||||||||||||||||||
|C190|000|1152|17,00|16,52|16,52|2,81|0|0|0|0||
|C100|0|1|800008026|01|00|1|0008809||26072011|26072011|131,20|0|||131,20|9||||131,20|22,30||||||||
|C170|1|160170||1,00000|UN|115,00||0|000|1152||115,00|17,00|19,55|0||0||||||||||||||||||||
|C170|2|701590||1,00000|UN|16,20||0|000|1152||16,20|17,00|2,75|0||0||||||||||||||||||||
|C190|000|1152|17,00|131,20|131,20|22,30|0|0|0|0||
|C100|0|1|800008026|01|00|1|0008812||27072011|27072011|30,38|0|||30,38|9||||30,38|5,16||||||||
|C170|1|120130||1,00000|UN|30,38||0|000|1152||30,38|17,00|5,16|0||0||||||||||||||||||||
|C190|000|1152|17,00|30,38|30,38|5,16|0|0|0|0||
|C100|0|1|800008026|01|00|1|0008813||28072011|28072011|371,04|0|||371,04|9||||371,04|63,08||||||||
|C170|1|100210||1,00000|UN|232,47||0|000|1152||232,47|17,00|39,52|0||0||||||||||||||||||||
|C170|2|330090||1,00000|UN|68,33||0|000|1152||68,33|17,00|11,62|0||0||||||||||||||||||||
|C170|3|950310||1,00000|UN|70,24||0|000|1152||70,24|17,00|11,94|0||0||||||||||||||||||||
|C190|000|1152|17,00|371,04|371,04|63,08|0|0|0|0||
|C100|0|1|800008026|01|00|1|0008815||28072011|28072011|26,34|0|||26,34|9||||26,34|4,48||||||||
|C170|1|502190||1,00000|UN|26,34||0|000|1152||26,34|17,00|4,48|0||0||||||||||||||||||||
|C190|000|1152|17,00|26,34|26,34|4,48|0|0|0|0||
|C100|0|1|800008026|01|00|1|0008816||29072011|29072011|372,01|0|||372,01|9||||372,01|63,24||||||||
|C170|1|670510||3,00000|UN|70,56||0|000|1152||70,56|17,00|12,00|0||0||||||||||||||||||||
|C170|2|701480||1,00000|UN|26,72||0|000|1152||26,72|17,00|4,54|0||0||||||||||||||||||||
|C170|3|813570||1,00000|UN|32,15||0|000|1152||32,15|17,00|5,47|0||0||||||||||||||||||||
|C170|4|701490||1,00000|UN|26,72||0|000|1152||26,72|17,00|4,54|0||0||||||||||||||||||||
|C170|5|812970||1,00000|UN|19,03||0|000|1152||19,03|17,00|3,24|0||0||||||||||||||||||||
|C170|6|880320||1,00000|UN|9,65||0|000|1152||9,65|17,00|1,64|0||0||||||||||||||||||||
|C170|7|970140||1,00000|UN|108,40||0|000|1152||108,40|17,00|18,43|0||0||||||||||||||||||||
|C170|8|902390||2,00000|UN|43,64||0|000|1152||43,64|17,00|7,42|0||0||||||||||||||||||||
|C170|9|900900||2,00000|UN|35,14||0|000|1152||35,14|17,00|5,97|0||0||||||||||||||||||||
|C190|000|1152|17,00|372,01|372,01|63,24|0|0|0|0||
|C100|0|1|800008026|01|00|1|0008817||30072011|30072011|1940,60|0|||1940,60|9||||1940,60|329,90||||||||
|C170|1|040530||2,00000|UN|1096,46||0|000|1152||1096,46|17,00|186,40|0||0||||||||||||||||||||
|C170|2|220590||1,00000|UN|612,60||0|000|1152||612,60|17,00|104,14|0||0||||||||||||||||||||
|C170|3|290300||3,00000|UN|231,54||0|000|1152||231,54|17,00|39,36|0||0||||||||||||||||||||
|C190|000|1152|17,00|1940,60|1940,60|329,90|0|0|0|0||
|C100|1|0|800007147|01|00|U|0069392||28072011|28072011|1699,00|0|||1699,00|9||||0|0||||||||
|C170|1|030940||1,00000|UN|1699,00||0|041|5949|||||0||0|||||||99||||||99|||||||
|C190|041|5949||1699,00|0|0|0|0|0|0||
|C100|1|0|800007170|01|00|U|0069367||21072011|21072011|349,00|0|||349,00|9||||0|0||||||||
|C170|1|180350||1,00000|UN|349,00||0|041|5949|||||0||0|||||||99||||||99|||||||
|C190|041|5949||349,00|0|0|0|0|0|0||
|C100|1|0|800007148|01|00|U|0069368||21072011|21072011|379,00|0|||379,00|9||||0|0||||||||
|C170|1|100200||1,00000|UN|379,00||0|041|5949|||||0||0|||||||99||||||99|||||||
|C190|041|5949||379,00|0|0|0|0|0|0||
|C100|1|0|800007153|01|00|U|0069395||28072011|28072011|665,00|0|||665,00|9||||0|0||||||||
|C170|1|040103||1,00000|UN|665,00||0|041|5949|||||0||0|||||||99||||||99|||||||
|C190|041|5949||665,00|0|0|0|0|0|0||
|C100|1|0|776|01|00|U|0069366||21072011|21072011|899,00|0|||899,00|9||||0|0||||||||
|C170|1|040183||1,00000|UN|899,00||0|041|5949|||||0||0|||||||99||||||99|||||||
|C190|041|5949||899,00|0|0|0|0|0|0||
|C100|1|0|3466|01|00|U|0069398||30072011|30072011|1199,00|0|||1199,00|9||||0|0||||||||
|C170|1|180770||1,00000|UN|1199,00||0|041|5949|||||0||0|||||||99||||||99|||||||
|C190|041|5949||1199,00|0|0|0|0|0|0||
|C100|1|0|800007171|01|00|U|0069376||22072011|22072011|399,00|0|||399,00|9||||0|0||||||||
|C170|1|521050||1,00000|UN|399,00||0|041|6949|||||0||0|||||||99||||||99|||||||
|C190|041|6949||399,00|0|0|0|0|0|0||
|C100|1|0|11627|01|00|U|0069386||27072011|27072011|649,00|0|||649,00|9||||0|0||||||||
|C170|1|050553||1,00000|UN|649,00||0|041|5949|||||0||0|||||||99||||||99|||||||
|C190|041|5949||649,00|0|0|0|0|0|0||
|C100|1|0|800007172|01|00|U|0069378||25072011|25072011|1118,00|0|||1118,00|9||||0|0||||||||
|C170|1|040163||1,00000|UN|859,00||0|041|5949|||||0||0|||||||99||||||99|||||||
|C170|2|180270||1,00000|UN|259,00||0|041|5949|||||0||0|||||||99||||||99|||||||
|C190|041|5949||1118,00|0|0|0|0|0|0||
|C100|0|1|800006983|55|00|1|000039985|26110659105999006036550010000399851838903583|17062011|15072011|8617,09|1|||7180,91|1||||7180,91|861,71||||||||
|C170|1|030373||11,00000|PC|7180,91||0|000|2102||7180,91|12,00|861,71|0||0||||||||||||||||||||
|C190|000|2102|12,00|8617,09|7180,91|861,71|0|0|0|0||
|C100|0|1|800006986|55|00|1|000587087|42110659105999003959550010005870871351640796|29062011|20072011|2757,10|1|||2397,48|1||||2397,48|167,82||||||||
|C170|1|040223||3,00000|PC|2397,48||0|000|2102||2397,48|7,00|167,82|0||0||||||||||||||||||||
|C190|000|2102|7,00|2757,10|2397,48|167,82|0|0|0|0||
|C100|0|1|800006986|55|00|1|000587088|42110659105999003959550010005870881776541575|29062011|20072011|1838,07|1|||1598,32|1||||1598,32|111,88||||||||
|C170|1|040223||2,00000|PC|1598,32||0|000|2102||1598,32|7,00|111,88|0||0||||||||||||||||||||
|C190|000|2102|7,00|1838,07|1598,32|111,88|0|0|0|0||
|C100|0|1|800006986|55|00|1|000587089|42110659105999003959550010005870891024043773|29062011|20072011|1623,54|1|||1411,77|1||||1411,77|98,82||||||||
|C170|1|030103||1,00000|PC|1411,77||0|000|2102||1411,77|7,00|98,82|0||0||||||||||||||||||||
|C190|000|2102|7,00|1623,54|1411,77|98,82|0|0|0|0||
|C100|0|1|800006986|55|00|1|000587090|42110659105999003959550010005870901169454163|29062011|20072011|1110,41|1|||965,57|1||||965,57|67,59||||||||
|C170|1|030013||1,00000|PC|965,57||0|000|2102||965,57|7,00|67,59|0||0||||||||||||||||||||
|C190|000|2102|7,00|1110,41|965,57|67,59|0|0|0|0||
|C100|0|1|800006986|55|00|1|000599069|42110759105999003959550010005990691617553804|19072011|31072011|27795,44|1|||24169,95|1||||24169,95|1691,90||||||||
|C170|1|030100||15,00000|PC|24169,95||0|000|2102||24169,95|7,00|1691,90|0||0||||||||||||||||||||
|C190|000|2102|7,00|27795,44|24169,95|1691,90|0|0|0|0||
|C100|0|1|800006986|55|00|1|000599070|42110759105999003959550010005990701988050607|19072011|31072011|5276,66|1|||4588,40|1||||4588,40|321,19||||||||
|C170|1|040440||20,00000|PC|4588,40||0|000|2102||4588,40|7,00|321,19|0||0||||||||||||||||||||
|C190|000|2102|7,00|5276,66|4588,40|321,19|0|0|0|0||
|C100|0|1|800006986|55|00|1|000599071|42110759105999003959550010005990711793277146|19072011|31072011|2861,90|1|||2488,61|1||||2488,61|174,20||||||||
|C170|1|030860||1,00000|PC|2488,61||0|000|2102||2488,61|7,00|174,20|0||0||||||||||||||||||||
|C190|000|2102|7,00|2861,90|2488,61|174,20|0|0|0|0||
|C100|0|1|800006986|55|00|1|000599072|42110759105999003959550010005990721345050412|19072011|31072011|12082,25|1|||10506,30|1||||10506,30|735,44||||||||
|C170|1|030130||10,00000|PC|10506,30||0|000|2102||10506,30|7,00|735,44|0||0||||||||||||||||||||
|C190|000|2102|7,00|12082,25|10506,30|735,44|0|0|0|0||
|C100|0|1|800008028|55|00|1|000376224|35110759105999000348550010003762241876810892|15072011|18072011|6123,41|1|||5324,70|1||||5324,70|372,73||||||||
|C170|1|030553||10,00000|PC|5324,70||0|000|2102||5324,70|7,00|372,73|0||0||||||||||||||||||||
|C190|000|2102|7,00|6123,41|5324,70|372,73|0|0|0|0||
|C100|0|1|800006983|55|00|1|000041526|26110759105999006036550010000415261795242198|12072011|20072011|2815,43|1|||2448,20|1||||2448,20|293,78||||||||
|C170|1|040013||4,00000|PC|2448,20||0|000|2102||2448,20|12,00|293,78|0||0||||||||||||||||||||
|C190|000|2102|12,00|2815,43|2448,20|293,78|0|0|0|0||
|C100|0|1|800006986|55|00|1|000588940|42110659105999003959550010005889401636975130|30062011|20072011|6041,07|1|||5253,10|1||||5253,10|367,72||||||||
|C170|1|030130||5,00000|PC|5253,10||0|000|2102||5253,10|7,00|367,72|0||0||||||||||||||||||||
|C190|000|2102|7,00|6041,07|5253,10|367,72|0|0|0|0||
|C100|0|1|800008028|55|00|1|000372692|35110759105999000348550010003726921145722194|08072011|31072011|7909,49|1|||6591,24|1||||6591,24|461,39||||||||
|C170|1|040423||18,00000|PC|6591,24||0|000|2102||6591,24|7,00|461,39|0||0||||||||||||||||||||
|C190|000|2102|7,00|7909,49|6591,24|461,39|0|0|0|0||
|C100|0|1|800008028|55|00|1|000372694|35110759105999000348550010003726941854936115|08072011|31072011|3935,85|1|||3514,15|1||||3514,15|245,99||||||||
|C170|1|030770||5,00000|PC|3514,15||0|000|2102||3514,15|7,00|245,99|0||0||||||||||||||||||||
|C190|000|2102|7,00|3935,85|3514,15|245,99|0|0|0|0||
|C100|0|1|800006983|55|00|1|000041270|26110759105999006036550010000412701315982054|06072011|31072011|12708,14|1|||10590,12|1||||10590,12|1270,81||||||||
|C170|1|030363||18,00000|PC|10590,12||0|000|2102||10590,12|12,00|1270,81|0||0||||||||||||||||||||
|C190|000|2102|12,00|12708,14|10590,12|1270,81|0|0|0|0||
|C100|0|1|2485|55|00|0|000121729|23110724073694000589550000001217291268975529|12072011|12072011|13440,00|0|||13440,00|1||||13440,00|2284,80||||||||
|C170|1|300010||5,00000|UN|5000,00||0|000|1102||5000,00|17,00|850,00|0||0||||||||||||||||||||
|C170|2|270010||20,00000|UN|8440,00||0|000|1102||8440,00|17,00|1434,80|0||0||||||||||||||||||||
|C190|000|1102|17,00|13440,00|13440,00|2284,80|0|0|0|0||
|C100|0|1|800006998|55|00|1|000000076|23110709573964000101550010000000762509002060|12072011|12072011|1050,00|0|||1050,00|1||||0|0||||||||
|C170|1|1201||50,00000|UN|1050,00||0|000|1102|||||0||0||||||||||||||||||||
|C190|000|1102||1050,00|0|0|0|0|0|0||
|C100|0|1|800006995|55|00|1|000005739|35110600902927000117550010000057391421103505|28062011|31072011|1916,93|1|||1747,26|1||||1747,26|122,31||||||||
|C170|1|950090||48,00000|PC|257,76||0|000|2102||257,76|7,00|18,04|0||0||||||||||||||||||||
|C170|2|950141||2,00000|JG|161,42||0|000|2102||161,42|7,00|11,30|0||0||||||||||||||||||||
|C170|3|950010||12,00000|PC|605,40||0|000|2102||605,40|7,00|42,38|0||0||||||||||||||||||||
|C170|4|950131||6,00000|JG|41,64||0|000|2102||41,64|7,00|2,91|0||0||||||||||||||||||||
|C170|5|950231||2,00000|JG|344,62||0|000|2102||344,62|7,00|24,12|0||0||||||||||||||||||||
|C170|6|950143||2,00000|JG|120,74||0|000|2102||120,74|7,00|8,45|0||0||||||||||||||||||||
|C170|7|950144||2,00000|JG|215,68||0|000|2102||215,68|7,00|15,10|0||0||||||||||||||||||||
|C190|000|2102|7,00|1916,93|1747,26|122,31|0|0|0|0||
|C100|0|1|800007159|55|00|302|000000285|33110710302464000106553020000002851000002850|20072011|31072011|1278,00|0|||1278,00|1||||0|0||||||||
|C170|1|103110||48,00000|KT|1248,00||0|000|2102|||||0||0||||||||||||||||||||
|C170|2|103120||5,00000|UN|30,00||0|000|2102|||||0||0||||||||||||||||||||
|C190|000|2102||1278,00|0|0|0|0|0|0||
|C100|0|1|800006986|55|00|1|000593255|42110759105999003959550010005932551517418563|07072011|21072011|5187,36|1|||4510,75|1||||4510,75|315,75||||||||
|C170|1|030940||5,00000|PC|4510,75||0|000|2102||4510,75|7,00|315,75|0||0||||||||||||||||||||
|C190|000|2102|7,00|5187,36|4510,75|315,75|0|0|0|0||
|C100|0|1|800006986|55|00|1|000593256|42110759105999003959550010005932561786404038|07072011|21072011|4082,27|1|||3549,80|1||||3549,80|248,49||||||||
|C170|1|040430||20,00000|PC|3549,80||0|000|2102||3549,80|7,00|248,49|0||0||||||||||||||||||||
|C190|000|2102|7,00|4082,27|3549,80|248,49|0|0|0|0||
|C100|0|1|800006986|55|00|1|000593257|42110759105999003959550010005932571777399075|07072011|31072011|2886,06|1|||2509,62|1||||2509,62|175,67||||||||
|C170|1|030850||2,00000|PC|2509,62||0|000|2102||2509,62|7,00|175,67|0||0||||||||||||||||||||
|C190|000|2102|7,00|2886,06|2509,62|175,67|0|0|0|0||
|C100|0|1|800006986|55|00|1|000593258|42110759105999003959550010005932581734738134|07072011|31072011|5772,13|1|||5019,24|1||||5019,24|351,35||||||||
|C170|1|030850||4,00000|PC|5019,24||0|000|2102||5019,24|7,00|351,35|0||0||||||||||||||||||||
|C190|000|2102|7,00|5772,13|5019,24|351,35|0|0|0|0||
|C100|0|1|800006991|55|00|1|000129350|13110663699839000180550010001293501310864830|20062011|18072011|2646,90|1|||2570,00|1|76,90|||2646,90|317,63||||||||
|C170|1|031093||10,00000|PC|2570,00||0|000|2102||2646,90|12,00|317,63|0||0||||||||||||||||||||
|C190|000|2102|12,00|2646,90|2646,90|317,63|0|0|0|0||
|C100|0|1|800006991|55|00|1|000129351|13110663699839000180550010001293511513918711|20062011|18072011|5587,35|1|||5358,55|1|228,80|||5587,35|670,48||||||||
|C170|1|BLE20CBBNA||5,00000|PC|5358,55||0|000|2102||5587,35|12,00|670,48|0||0||||||||||||||||||||
|C190|000|2102|12,00|5587,35|5587,35|670,48|0|0|0|0||
|C100|0|1|800007042|55|00|2|000178905|42110682984287000104550020001789051005444484|28062011|13072011|7617,60|1|||6624,00|1||||6624,00|463,68||||||||
|C170|1|950330||6,00000|UN|6624,00||0|000|2102||6624,00|7,00|463,68|0||0||||||||||||||||||||
|C190|000|2102|7,00|7617,60|6624,00|463,68|0|0|0|0||
|C100|0|1|800007173|55|00|1|000003302|43110705991206000144550010000033021418884271|15072011|31072011|2730,21|1|||2600,20|1||||2600,20|182,01||||||||
|C170|1|180920||20,00000|UM|666,40||0|000|2102||666,40|7,00|46,65|0||0||||||||||||||||||||
|C170|2|180930||10,00000|UM|809,20||0|000|2102||809,20|7,00|56,64|0||0||||||||||||||||||||
|C170|3|180940||10,00000|PR|1124,60||0|000|2102||1124,60|7,00|78,72|0||0||||||||||||||||||||
|C190|000|2102|7,00|2730,21|2600,20|182,01|0|0|0|0||
|C100|0|1|800006990|55|00|2|000033316|13110604403408000165550020000333161958922583|20062011|06072011|3631,05|1|||3631,05|1||||3631,05|435,73||||||||
|C170|1|SC-PT580LB-K||5,00000|PEC|3631,05||0|000|2102||3631,05|12,00|435,73|0||0||||||||||||||||||||
|C190|000|2102|12,00|3631,05|3631,05|435,73|0|0|0|0||
|C100|0|1|800006990|55|00|2|000033918|13110704403408000165550020000339181092448176|05072011|21072011|16947,00|1|||16947,00|1||||16947,00|2033,64||||||||
|C170|1|180770||20,00000|PEC|16947,00||0|000|2102||16947,00|12,00|2033,64|0||0||||||||||||||||||||
|C190|000|2102|12,00|16947,00|16947,00|2033,64|0|0|0|0||
|C100|0|1|800006990|55|00|2|000033917|13110704403408000165550020000339171092432507|05072011|21072011|1525,24|1|||1525,24|1||||1525,24|183,03||||||||
|C170|1|180770||2,00000|PEC|1525,24||0|000|2102||1525,24|12,00|183,03|0||0||||||||||||||||||||
|C190|000|2102|12,00|1525,24|1525,24|183,03|0|0|0|0||
|C100|0|1|800006985|55|00|1|000407947|35110760736279001250550010004079471971398084|06072011|18072011|5967,60|1|||5630,00|1|337,60|||5967,60|417,73||||||||
|C170|1|051323||10,00000|PEC|5630,00||0|000|2102||5967,60|7,00|417,73|0||0||||||||||||||||||||
|C190|000|2102|7,00|5967,60|5967,60|417,73|0|0|0|0||
|C100|0|1|800006974|55|00|1|000197606|23110602948030000230550010001976061011976060|30062011|06072011|847,97|1|||815,36|1||||815,36|138,61||||||||
|C170|1|100040||2,00000|UD|815,36||0|000|1102||815,36|17,00|138,61|0||0||||||||||||||||||||
|C190|000|1102|17,00|847,97|815,36|138,61|0|0|0|0||
|C100|0|1|800006974|55|00|1|000197607|23110602948030000230550010001976071011976075|30062011|07072011|27496,70|1|||24997,00|1||||24997,00|4249,49||||||||
|C170|1|100210||100,00000|UD|24997,00||0|000|1102||24997,00|17,00|4249,49|0||0||||||||||||||||||||
|C190|000|1102|17,00|27496,70|24997,00|4249,49|0|0|0|0||
|C100|0|1|800006974|55|00|1|000197608|23110602948030000230550010001976081011976080|30062011|06072011|2827,22|1|||2570,20|1||||2570,20|436,93||||||||
|C170|1|100220||5,00000|UD|1285,10||0|000|1102||1285,10|17,00|218,47|0||0||||||||||||||||||||
|C170|2|100220||5,00000|UD|1285,10||0|000|1102||1285,10|17,00|218,47|0||0||||||||||||||||||||
|C190|000|1102|17,00|2827,22|2570,20|436,93|0|0|0|0||
|C100|0|1|800006974|55|00|1|000197609|23110602948030000230550010001976091011976096|30062011|06072011|5065,34|1|||4604,85|1||||4604,85|782,82||||||||
|C170|1|100160||15,00000|UD|4604,85||0|000|1102||4604,85|17,00|782,82|0||0||||||||||||||||||||
|C190|000|1102|17,00|5065,34|4604,85|782,82|0|0|0|0||
|C100|0|1|800006974|55|00|1|000197610|23110602948030000230550010001976101011976100|30062011|06072011|29370,00|1|||26700,00|1||||26700,00|4539,00||||||||
|C170|1|100200||100,00000|UD|26700,00||0|000|1102||26700,00|17,00|4539,00|0||0||||||||||||||||||||
|C190|000|1102|17,00|29370,00|26700,00|4539,00|0|0|0|0||
|C100|0|1|800008026|01|00|1|0008740||01072011|01072011|49,36|9|||49,36|9||||49,36|8,39||||||||
|C170|1|903090||1,00000|UN|49,36||0|000|1152||49,36|17,00|8,39|0||0||||||||||||||||||||
|C190|000|1152|17,00|49,36|49,36|8,39|0|0|0|0||
|C100|0|1|800008026|01|00|1|0008741||02072011|02072011|25,71|9|||25,71|9||||25,71|4,37||||||||
|C170|1|900454||1,00000|UN|25,71||0|000|1152||25,71|17,00|4,37|0||0||||||||||||||||||||
|C190|000|1152|17,00|25,71|25,71|4,37|0|0|0|0||
|C100|0|1|800008026|01|00|1|0008742||02072011|02072011|337,81|9|||337,81|9||||337,81|57,43||||||||
|C170|1|270010||1,00000|UN|337,81||0|000|1152||337,81|17,00|57,43|0||0||||||||||||||||||||
|C190|000|1152|17,00|337,81|337,81|57,43|0|0|0|0||
|C100|0|1|800008026|01|00|1|0008744||02072011|02072011|398,00|9|||398,00|9||||398,00|67,66||||||||
|C170|1|050553||1,00000|UN|398,00||0|000|1152||398,00|17,00|67,66|0||0||||||||||||||||||||
|C190|000|1152|17,00|398,00|398,00|67,66|0|0|0|0||
|C100|0|1|800008026|01|00|1|0008746||04072011|04072011|1779,11|9|||1779,11|9||||1779,11|302,45||||||||
|C170|1|030100||1,00000|UN|1779,11||0|000|1152||1779,11|17,00|302,45|0||0||||||||||||||||||||
|C190|000|1152|17,00|1779,11|1779,11|302,45|0|0|0|0||
|C100|0|1|800008026|01|00|1|0008748||04072011|04072011|72,33|9|||72,33|9||||72,33|12,30||||||||
|C170|1|290250||1,00000|UN|72,33||0|000|1152||72,33|17,00|12,30|0||0||||||||||||||||||||
|C190|000|1152|17,00|72,33|72,33|12,30|0|0|0|0||
|C100|0|1|800008026|01|00|1|0008752||04072011|04072011|27,29|9|||27,29|9||||27,29|4,64||||||||
|C170|1|330050||1,00000|UN|27,29||0|000|1152||27,29|17,00|4,64|0||0||||||||||||||||||||
|C190|000|1152|17,00|27,29|27,29|4,64|0|0|0|0||
|C100|0|1|800008026|01|00|1|0008755||05072011|05072011|69,00|9|||69,00|9||||69,00|11,73||||||||
|C170|1|910390||1,00000|UN|69,00||0|000|1152||69,00|17,00|11,73|0||0||||||||||||||||||||
|C190|000|1152|17,00|69,00|69,00|11,73|0|0|0|0||
|C100|0|1|800008026|01|00|1|0008757||06072011|06072011|325,37|9|||325,37|9||||325,37|55,31||||||||
|C170|1|120130||1,00000|UN|30,38||0|000|1152||30,38|17,00|5,16|0||0||||||||||||||||||||
|C170|2|330130||1,00000|UN|131,09||0|000|1152||131,09|17,00|22,29|0||0||||||||||||||||||||
|C170|3|330050||1,00000|UN|27,29||0|000|1152||27,29|17,00|4,64|0||0||||||||||||||||||||
|C170|4|520061||1,00000|UN|51,46||0|000|1152||51,46|17,00|8,75|0||0||||||||||||||||||||
|C170|5|120070||1,00000|UN|85,15||0|000|1152||85,15|17,00|14,48|0||0||||||||||||||||||||
|C190|000|1152|17,00|325,37|325,37|55,31|0|0|0|0||
|C100|0|1|800008026|01|00|1|0008760||06072011|06072011|120,55|9|||120,55|9||||120,55|20,49||||||||
|C170|1|890550||1,00000|UN|120,55||0|000|1152||120,55|17,00|20,49|0||0||||||||||||||||||||
|C190|000|1152|17,00|120,55|120,55|20,49|0|0|0|0||
|C100|0|1|800008026|01|00|1|0008761||07072011|07072011|509,71|9|||509,71|9||||509,71|86,65||||||||
|C170|1|100200||1,00000|UN|248,31||0|000|1152||248,31|17,00|42,21|0||0||||||||||||||||||||
|C170|2|890210||1,00000|UN|261,40||0|000|1152||261,40|17,00|44,44|0||0||||||||||||||||||||
|C190|000|1152|17,00|509,71|509,71|86,65|0|0|0|0||
|C100|0|1|800008026|01|00|1|0008762||07072011|07072011|2884,67|9|||2884,67|9||||2884,67|490,39||||||||
|C170|1|030393||1,00000|UN|925,77||0|000|1152||925,77|17,00|157,38|0||0||||||||||||||||||||
|C170|2|060230||2,00000|UN|1005,64||0|000|1152||1005,64|17,00|170,96|0||0||||||||||||||||||||
|C170|3|040340||1,00000|UN|953,26||0|000|1152||953,26|17,00|162,05|0||0||||||||||||||||||||
|C190|000|1152|17,00|2884,67|2884,67|490,39|0|0|0|0||
|C100|0|1|800008026|01|00|1|0008764||08072011|08072011|415,60|9|||415,60|9||||415,60|70,65||||||||
|C170|1|890360||1,00000|UN|70,72||0|000|1152||70,72|17,00|12,02|0||0||||||||||||||||||||
|C170|2|330030||1,00000|UN|75,98||0|000|1152||75,98|17,00|12,92|0||0||||||||||||||||||||
|C170|3|680990||1,00000|UN|11,92||0|000|1152||11,92|17,00|2,03|0||0||||||||||||||||||||
|C170|4|500171||1,00000|UN|22,47||0|000|1152||22,47|17,00|3,82|0||0||||||||||||||||||||
|C170|5|290270||1,00000|UN|41,28||0|000|1152||41,28|17,00|7,02|0||0||||||||||||||||||||
|C170|6|890560||1,00000|UN|115,37||0|000|1152||115,37|17,00|19,61|0||0||||||||||||||||||||
|C170|7|090220||1,00000|UN|77,86||0|000|1152||77,86|17,00|13,24|0||0||||||||||||||||||||
|C190|000|1152|17,00|415,60|415,60|70,65|0|0|0|0||
|C100|0|1|800008026|01|00|1|0008766||08072011|08072011|92,96|9|||92,96|9||||92,96|15,80||||||||
|C170|1|330010||1,00000|UN|67,53||0|000|1152||67,53|17,00|11,48|0||0||||||||||||||||||||
|C170|2|680500||1,00000|UN|25,43||0|000|1152||25,43|17,00|4,32|0||0||||||||||||||||||||
|C190|000|1152|17,00|92,96|92,96|15,80|0|0|0|0||
|C100|0|1|800008026|01|00|1|0008767||09072011|09072011|1150,66|9|||1150,66|9||||1150,66|195,61||||||||
|C170|1|200390||1,00000|UN|295,74||0|000|1152||295,74|17,00|50,28|0||0||||||||||||||||||||
|C170|2|050630||1,00000|UN|854,92||0|000|1152||854,92|17,00|145,34|0||0||||||||||||||||||||
|C190|000|1152|17,00|1150,66|1150,66|195,61|0|0|0|0||
|C100|0|1|800008026|01|00|1|0008768||11072011|11072011|802,93|9|||802,93|9||||802,93|136,50||||||||
|C170|1|030383||1,00000|UN|802,93||0|000|1152||802,93|17,00|136,50|0||0||||||||||||||||||||
|C190|000|1152|17,00|802,93|802,93|136,50|0|0|0|0||
|C100|0|1|800008026|01|00|1|0008771||11072011|11072011|221,92|9|||221,92|9||||221,92|37,73||||||||
|C170|1|040470||1,00000|UN|221,92||0|000|1152||221,92|17,00|37,73|0||0||||||||||||||||||||
|C190|000|1152|17,00|221,92|221,92|37,73|0|0|0|0||
|C100|0|1|800008026|01|00|1|0008773||12072011|12072011|154,03|9|||154,03|9||||154,03|26,19||||||||
|C170|1|180270||1,00000|UN|154,03||0|000|1152||154,03|17,00|26,19|0||0||||||||||||||||||||
|C190|000|1152|17,00|154,03|154,03|26,19|0|0|0|0||
|C100|0|1|800008026|01|00|1|0008774||12072011|12072011|340,06|9|||340,06|9||||340,06|57,81||||||||
|C170|1|180260||2,00000|UN|340,06||0|000|1152||340,06|17,00|57,81|0||0||||||||||||||||||||
|C190|000|1152|17,00|340,06|340,06|57,81|0|0|0|0||
|C100|0|1|800008026|01|00|1|0008775||12072011|12072011|100,09|9|||100,09|9||||100,09|17,02||||||||
|C170|1|890500||1,00000|UN|60,12||0|000|1152||60,12|17,00|10,22|0||0||||||||||||||||||||
|C170|2|101120||1,00000|UN|16,13||0|000|1152||16,13|17,00|2,74|0||0||||||||||||||||||||
|C170|3|500050||1,00000|UN|23,84||0|000|1152||23,84|17,00|4,05|0||0||||||||||||||||||||
|C190|000|1152|17,00|100,09|100,09|17,02|0|0|0|0||
|C100|0|1|800008026|01|00|1|0008776||13072011|13072011|2794,34|9|||2794,34|9||||2794,34|475,04||||||||
|C170|1|300220||1,00000|UN|503,68||0|000|1152||503,68|17,00|85,63|0||0||||||||||||||||||||
|C170|2|300230||1,00000|UN|1265,00||0|000|1152||1265,00|17,00|215,05|0||0||||||||||||||||||||
|C170|3|300240||1,00000|UN|1025,66||0|000|1152||1025,66|17,00|174,36|0||0||||||||||||||||||||
|C190|000|1152|17,00|2794,34|2794,34|475,04|0|0|0|0||
|C100|0|1|800008026|01|00|1|0008778||15072011|15072011|295,74|9|||295,74|9||||295,74|50,28||||||||
|C170|1|200390||1,00000|UN|295,74||0|000|1152||295,74|17,00|50,28|0||0||||||||||||||||||||
|C190|000|1152|17,00|295,74|295,74|50,28|0|0|0|0||
|C100|0|1|800008026|01|00|1|0008790||18072011|18072011|2362,57|9|||2362,57|9||||2362,57|401,64||||||||
|C170|1|030770||1,00000|UN|728,17||0|000|1152||728,17|17,00|123,79|0||0||||||||||||||||||||
|C170|2|290320||1,00000|UN|1071,92||0|000|1152||1071,92|17,00|182,23|0||0||||||||||||||||||||
|C170|3|051220||1,00000|UN|562,48||0|000|1152||562,48|17,00|95,62|0||0||||||||||||||||||||
|C190|000|1152|17,00|2362,57|2362,57|401,64|0|0|0|0||
|C100|0|1|800008026|01|00|1|0008793||18072011|18072011|2934,88|9|||2934,88|9||||2934,88|498,93||||||||
|C170|1|040013||1,00000|UN|709,42||0|000|1152||709,42|17,00|120,60|0||0||||||||||||||||||||
|C170|2|220283||1,00000|UN|1054,09||0|000|1152||1054,09|17,00|179,20|0||0||||||||||||||||||||
|C170|3|030053||1,00000|UN|1171,37||0|000|1152||1171,37|17,00|199,13|0||0||||||||||||||||||||
|C190|000|1152|17,00|2934,88|2934,88|498,93|0|0|0|0||
|C100|0|1|800008026|01|00|1|0008796||18072011|18072011|46,30|9|||46,30|9||||46,30|7,87||||||||
|C170|1|105105||1,00000|UN|18,98||0|000|1152||18,98|17,00|3,23|0||0||||||||||||||||||||
|C170|2|840620||1,00000|UN|27,32||0|000|1152||27,32|17,00|4,64|0||0||||||||||||||||||||
|C190|000|1152|17,00|46,30|46,30|7,87|0|0|0|0||
|C100|0|1|800008026|01|00|1|0008797||19072011|19072011|1935,41|9|||1935,41|9||||1935,41|329,02||||||||
|C170|1|180970||1,00000|UN|1883,27||0|000|1152||1883,27|17,00|320,16|0||0||||||||||||||||||||
|C170|2|103110||2,00000|UN|52,14||0|000|1152||52,14|17,00|8,86|0||0||||||||||||||||||||
|C190|000|1152|17,00|1935,41|1935,41|329,02|0|0|0|0||
|C100|0|1|800008026|01|00|1|0008781||16072011|16072011|490,63|9|||490,63|9||||490,63|83,41||||||||
|C170|1|040423||1,00000|UN|471,65||0|000|1152||471,65|17,00|80,18|0||0||||||||||||||||||||
|C170|2|105105||1,00000|UN|18,98||0|000|1152||18,98|17,00|3,23|0||0||||||||||||||||||||
|C190|000|1152|17,00|490,63|490,63|83,41|0|0|0|0||
|C100|0|1|800008028|55|00|1|000372693|35110759105999000348550010003726931249370070|08072011|31072011|8102,69|1|||6752,24|1||||6752,24|472,66||||||||
|C170|1|030373||11,00000|PC|6752,24||0|000|2102||6752,24|7,00|472,66|0||0||||||||||||||||||||
|C190|000|2102|7,00|8102,69|6752,24|472,66|0|0|0|0||
|C100|0|1|800008028|55|00|1|000352182|35110659105999000348550010003521821406059308|03062011|01072011|2919,49|1|||2807,20|1||||2807,20|196,50||||||||
|C170|1|030403||4,00000|PC|2807,20||0|000|2102||2807,20|7,00|196,50|0||0||||||||2919,49||||||2919,49||||||
|C190|000|2102|7,00|2919,49|2807,20|196,50|0|0|0|0||
|C100|0|1|800006983|55|00|1|000041269|26110759105999006036550010000412691532998268|06072011|31072011|934,63|1|||778,86|1||||778,86|93,46||||||||
|C170|1|040423||2,00000|PC|778,86||0|000|2102||778,86|12,00|93,46|0||0||||||||934,63||||||934,63||||||
|C190|000|2102|12,00|934,63|778,86|93,46|0|0|0|0||
|C100|0|1|800006983|55|00|1|000039984|26110659105999006036550010000399841917368829|17062011|15072011|17745,80|1|||15176,68|1||||15176,68|1821,20||||||||
|C170|1|030450||5,00000|PC|2913,90||0|000|2102||2913,90|12,00|349,67|0||0||||||||3030,46||||||3030,46||||||
|C170|2|030383||17,00000|PC|12262,78||0|000|2102||12262,78|12,00|1471,53|0||0||||||||14715,34||||||14715,34||||||
|C190|000|2102|12,00|17745,80|15176,68|1821,20|0|0|0|0||
|C100|0|1|800006983|55|00|1|000041272|26110759105999006036550010000412721697154371|06072011|31072011|4223,15|1|||3672,30|1||||3672,30|440,68||||||||
|C170|1|040013||6,00000|PC|3672,30||0|000|2102||3672,30|12,00|440,68|0||0||||||||4223,15||||||4223,15||||||
|C190|000|2102|12,00|4223,15|3672,30|440,68|0|0|0|0||
|C100|0|1|800006983|55|00|1|000041271|26110759105999006036550010000412711908184090|06072011|31072011|7679,02|1|||6399,18|1||||6399,18|767,90||||||||
|C170|1|030363||2,00000|PC|1176,70||0|000|2102||1176,70|12,00|141,20|0||0||||||||1412,04||||||1412,04||||||
|C170|2|030373||8,00000|PC|5222,48||0|000|2102||5222,48|12,00|626,70|0||0||||||||6266,98||||||6266,98||||||
|C190|000|2102|12,00|7679,02|6399,18|767,90|0|0|0|0||
|C100|0|1|800006986|55|00|1|000593259|42110759105999003959550010005932591611114750|07072011|21072011|5772,13|1|||5019,24|1||||5019,24|351,35||||||||
|C170|1|030850||4,00000|PC|5019,24||0|000|2102||5019,24|7,00|351,35|0||0||||||||5772,13||||||5772,13||||||
|C190|000|2102|7,00|5772,13|5019,24|351,35|0|0|0|0||
|C100|0|1|800007047|55|00|55|000036257|35110701490698000800550550000362571940796539|22072011|22072011|33,00|0|||33,00|9||||0|0||||||||
|C170|1|10000||1,00000|UN|33,00||0|190|2556|||||0||0||||||||||||||||||||
|C190|190|2556||33,00|0|0|0|0|0|0||
|C400|2D|ECF|GEXNJ20000|2|
|C405|01072011|1|1337|26612|10799402,59|5455|
|C420|01T1700|5455|1||
|C425|180263|1|UN|249|1,62|7,47|
|C425|270010|1|UN|569|3,7|17,07|
|C425|502382|1|UN|4|0,03|0,12|
|C425|100013|1|UN|150|0,98|4,5|
|C425|701420|4|UN|60|0,39|1,8|
|C425|030103|1|UN|1214|7,89|36,42|
|C425|180910|1|UN|2250|14,63|67,5|
|C425|330210|1|UN|69|0,45|2,07|
|C425|290060|1|UN|125|0,81|3,75|
|C425|100200|1|UN|180|1,17|5,4|
|C425|031130|1|UN|585|3,8|17,55|
|C490|000|5102|17|5455|5455|927,35||
|C405|02072011|1|1338|26629|10810406,59|11004|
|C420|01T1700|11004|1||
|C425|500520|2|UN|16|0,1|0,48|
|C425|900017|2|UN|24|0,16|0,72|
|C425|903381|1|UN|12|0,08|0,36|
|C425|101491|1|UN|39|0,25|1,17|
|C425|970680|2|UN|58|0,38|1,74|
|C425|810430|1|UN|119|0,77|3,57|
|C425|090010|1|UN|99|0,64|2,97|
|C425|670890|1|UN|32|0,21|0,96|
|C425|220403|1|UN|1799|11,69|53,97|
|C425|180263|1|UN|249|1,62|7,47|
|C425|030133|1|UN|1799|11,69|53,97|
|C425|812120|2|UN|10|0,07|0,3|
|C425|031160|1|UN|1769|11,5|53,07|
|C425|950460|1|UN|1163|7,56|34,89|
|C425|950440|1|UN|1163|7,56|34,89|
|C425|950360|1|UN|484|3,15|14,52|
|C425|100200|1|UN|399|2,59|11,97|
|C425|040550|1|UN|159|1,03|4,77|
|C425|031240|2|UN|382|2,48|11,46|
|C425|030443|1|UN|1229|7,99|36,87|
|C490|000|5102|17|11004|11004|1870,68||
|C405|04072011|1|1339|26649|10816841,59|6435|
|C420|01T1700|6276|1||
|C425|900671|2|UN|15|0,1|0,45|
|C425|104160|2|UN|10|0,07|0,3|
|C425|501770|1|UN|12|0,08|0,36|
|C425|501790|1|UN|29|0,19|0,87|
|C425|120050|1|UN|159|1,03|4,77|
|C425|180180|1|UN|600|3,9|18|
|C425|902230|1|UN|55|0,36|1,65|
|C425|740240|1|UN|29|0,19|0,87|
|C425|813650|1|UN|49|0,32|1,47|
|C425|180550|1|UN|539|3,5|16,17|
|C425|702140|1|UN|29|0,19|0,87|
|C425|701022|1|UN|14|0,09|0,42|
|C425|812880|1|UN|16|0,1|0,48|
|C425|500613|1|UN|14|0,09|0,42|
|C425|810393|1|UN|219|1,42|6,57|
|C425|510480|1|UN|15|0,1|0,45|
|C425|030523|1|UN|339|2,2|10,17|
|C425|150040|1|UN|59|0,38|1,77|
|C425|030533|1|UN|539|3,5|16,17|
|C425|031093|1|UN|399|2,59|11,97|
|C425|040430|1|UN|330|2,15|9,9|
|C425|090240|1|UN|59|0,38|1,77|
|C425|100210|1|UN|379|2,46|11,37|
|C425|120110|1|UN|160|1,04|4,8|
|C425|670850|1|UN|6|0,04|0,18|
|C425|180290|1|UN|119|0,77|3,57|
|C425|330150|1|UN|369|2,4|11,07|
|C425|500040|1|UN|35|0,23|1,05|
|C425|660230|1|UN|129|0,84|3,87|
|C425|950450|1|UN|789|5,13|23,67|
|C425|040123|1|UN|749|4,87|22,47|
|C425|501270|1|UN|12|0,08|0,36|
|C420|N1|159|||
|C425|940450|1|UN|159|1,03|4,77|
|C490|000|5102|17|6276|6276|1066,92||
|C490|041|5102|0|159|0|0||
|C405|05072011|1|1340|26663|10817805,59|964|
|C420|01T1700|964|1||
|C425|880320|1|UN|19|0,12|0,57|
|C425|660291|1|UN|49|0,32|1,47|
|C425|521120|1|UN|55|0,36|1,65|
|C425|610020|1|UN|45|0,29|1,35|
|C425|840800|1|UN|39|0,25|1,17|
|C425|701270|1|UN|25|0,16|0,75|
|C425|650310|1|UN|5|0,03|0,15|
|C425|812010|2|UN|34|0,22|1,02|
|C425|701420|4|UN|60|0,39|1,8|
|C425|702010|1|UN|15|0,1|0,45|
|C425|031240|1|UN|115|0,75|3,45|
|C425|812040|4|UN|76|0,49|2,28|
|C425|813230|1|UN|6|0,04|0,18|
|C425|160170|1|UN|88|0,57|2,64|
|C425|813440|1|UN|15|0,1|0,45|
|C425|950120|2|UN|95|0,62|2,85|
|C425|501130|1|UN|7|0,05|0,21|
|C425|650200|1|UN|39|0,25|1,17|
|C425|502371|1|UN|10|0,07|0,3|
|C425|290210|1|UN|157|1,02|4,71|
|C425|103120|1|UN|10|0,07|0,3|
|C490|000|5102|17|964|964|163,88||
|C405|06072011|1|1341|26683|10827795,6|9990|
|C420|01T1700|9980|1||
|C425|910160|1|UN|12|0,08|0,36|
|C425|500140|1|UN|49|0,32|1,47|
|C425|812040|2|UN|38|0,25|1,14|
|C425|901312|1|UN|18|0,12|0,54|
|C425|501140|1|UN|7|0,05|0,21|
|C425|501770|1|UN|12|0,08|0,36|
|C425|700880|1|UN|15|0,1|0,45|
|C425|180263|1|UN|249|1,62|7,47|
|C425|501771|1|UN|19|0,12|0,57|
|C425|890550|1|UN|229|1,49|6,87|
|C425|220660|1|UN|4220|27,43|126,6|
|C425|650310|2|UN|10|0,07|0,3|
|C425|040453|1|UN|599|3,89|17,97|
|C425|660590|2|UN|50|0,33|1,5|
|C425|180550|1|UN|535|3,48|16,05|
|C425|820430|1|UN|15|0,1|0,45|
|C425|840490|1|UN|29|0,19|0,87|
|C425|810630|2|UN|22|0,14|0,66|
|C425|810640|2|UN|32|0,21|0,96|
|C425|031170|1|UN|1819|11,82|54,57|
|C425|903180|2|UN|12|0,08|0,36|
|C425|120020|1|UN|99|0,64|2,97|
|C425|120090|1|UN|69|0,45|2,07|
|C425|180280|1|UN|89|0,58|2,67|
|C425|290260|1|UN|49|0,32|1,47|
|C425|501780|1|UN|13|0,08|0,39|
|C425|520280|1|UN|19|0,12|0,57|
|C425|900450|1|UN|45|0,29|1,35|
|C425|902740|1|UN|16|0,1|0,48|
|C425|880030|1|UN|69|0,45|2,07|
|C425|950350|1|UN|429|2,79|12,87|
|C425|501130|1|UN|7|0,05|0,21|
|C425|820131|1|UN|9|0,06|0,27|
|C425|950120|1|UN|49|0,32|1,47|
|C425|030093|1|UN|991|6,44|29,73|
|C425|500510|1|UN|15|0,1|0,45|
|C425|500790|1|UN|7|0,05|0,21|
|C425|500820|1|UN|7|0,05|0,21|
|C425|501080|1|UN|7|0,05|0,21|
|C420|N1|10|||
|C425|940350|2|UN|10|0,07|0,3|
|C490|000|5102|17|9980|9980|1696,6||
|C490|041|5102|0|10|0|0||
|C405|07072011|1|1342|26693|10834678,6|6883|
|C420|01T1700|6784|1||
|C425|660230|1|UN|129|0,84|3,87|
|C425|813480|1|UN|49|0,32|1,47|
|C425|811700|1|UN|13|0,08|0,39|
|C425|290270|1|UN|42|0,27|1,26|
|C425|030093|2|UN|3189|20,73|95,67|
|C425|030013|1|UN|899|5,84|26,97|
|C425|330130|1|UN|104|0,68|3,12|
|C425|290250|1|UN|61|0,4|1,83|
|C425|180203|1|UN|399|2,59|11,97|
|C425|030143|1|UN|1899|12,34|56,97|
|C420|N1|99|||
|C425|710320|1|UN|99|0,64|2,97|
|C490|000|5102|17|6784|6784|1153,28||
|C490|041|5102|0|99|0|0||
|C405|08072011|1|1343|26721|10849682,6|14954|
|C420|01T1700|14855|1||
|C425|031140|1|UN|850|5,53|25,5|
|C425|501771|1|UN|19|0,12|0,57|
|C425|330240|1|UN|75|0,49|2,25|
|C425|501770|1|UN|12|0,08|0,36|
|C425|290280|1|UN|119|0,77|3,57|
|C425|160120|1|UN|179|1,16|5,37|
|C425|700640|2|UN|10|0,06|0,3|
|C425|840771|1|UN|49|0,32|1,47|
|C425|840980|1|UN|65|0,42|1,95|
|C425|701421|1|UN|26|0,17|0,78|
|C425|660261|1|UN|27|0,18|0,81|
|C425|500610|1|UN|5|0,03|0,15|
|C425|902810|1|UN|29|0,19|0,87|
|C425|702180|1|UN|129|0,84|3,87|
|C425|520860|1|UN|20|0,13|0,6|
|C425|841101|1|UN|8|0,05|0,24|
|C425|840541|1|UN|27|0,18|0,81|
|C425|920820|1|UN|42|0,27|1,26|
|C425|500123|1|UN|19|0,12|0,57|
|C425|200390|1|UN|499|3,24|14,97|
|C425|902270|1|UN|119|0,77|3,57|
|C425|660770|4|UN|88|0,57|2,64|
|C425|903530|1|UN|39|0,25|1,17|
|C425|900671|1|UN|7|0,05|0,21|
|C425|700510|1|UN|15|0,1|0,45|
|C425|701270|1|UN|25|0,16|0,75|
|C425|030130|2|UN|3792|24,65|113,76|
|C425|100200|1|UN|190|1,24|5,7|
|C425|180970|1|UN|1342|8,72|40,26|
|C425|180580|1|UN|349|2,27|10,47|
|C425|180203|1|UN|190|1,24|5,7|
|C425|150040|1|UN|59|0,38|1,77|
|C425|120080|1|UN|139|0,9|4,17|
|C425|290033|1|UN|179|1,16|5,37|
|C425|070420|1|UN|299|1,94|8,97|
|C425|040550|1|UN|159|1,03|4,77|
|C425|030970|1|UN|1490|9,69|44,7|
|C425|030383|1|UN|604|3,93|18,12|
|C425|030253|1|UN|716|4,65|21,48|
|C425|701430|1|UN|23|0,15|0,69|
|C425|812560|1|UN|46|0,3|1,38|
|C425|160140|1|UN|80|0,52|2,4|
|C425|040123|1|UN|749|4,87|22,47|
|C425|950230|2|UN|24|0,16|0,72|
|C425|840870|1|UN|12|0,08|0,36|
|C425|813360|1|UN|9|0,06|0,27|
|C425|030780|1|UN|1608|10,45|48,24|
|C425|701750|1|UN|29|0,19|0,87|
|C425|700711|1|UN|32|0,21|0,96|
|C425|330090|1|UN|56|0,36|1,68|
|C425|290230|1|UN|58|0,38|1,74|
|C425|290200|1|UN|119|0,77|3,57|
|C420|N1|99|||
|C425|710320|1|UN|99|0,64|2,97|
|C490|000|5102|17|14855|14855|2525,35||
|C490|041|5102|0|99|0|0||
|C405|09072011|1|1344|26737|10856895,6|7213|
|C420|01T1700|7177|1||
|C425|701270|1|UN|25|0,16|0,75|
|C425|900431|1|UN|22|0,14|0,66|
|C425|031030|1|UN|1299|8,44|38,97|
|C425|700730|1|UN|24|0,16|0,72|
|C425|701421|1|UN|26|0,17|0,78|
|C425|903170|2|UN|12|0,08|0,36|
|C425|700320|3|UN|57|0,37|1,71|
|C425|521150|2|UN|24|0,16|0,72|
|C425|101120|1|UN|35|0,23|1,05|
|C425|812800|1|UN|59|0,38|1,77|
|C425|840800|1|UN|39|0,25|1,17|
|C425|103240|1|UN|35|0,23|1,05|
|C425|502381|1|UN|12|0,08|0,36|
|C425|521160|1|UN|10|0,07|0,3|
|C425|810522|2|UN|138|0,9|4,14|
|C425|660262|1|UN|25|0,16|0,75|
|C425|810562|1|UN|39|0,25|1,17|
|C425|700892|1|UN|159|1,03|4,77|
|C425|031240|1|UN|259|1,68|7,77|
|C425|701390|3|UN|57|0,37|1,71|
|C425|031250|1|UN|389|2,53|11,67|
|C425|040550|1|UN|159|1,03|4,77|
|C425|100210|1|UN|379|2,46|11,37|
|C425|180260|1|UN|135|0,88|4,05|
|C425|200480|1|UN|164|1,07|4,92|
|C425|700480|1|UN|28|0,18|0,84|
|C425|700650|1|UN|19|0,12|0,57|
|C425|700711|2|UN|64|0,42|1,92|
|C425|702180|1|UN|129|0,84|3,87|
|C425|701750|1|UN|29|0,19|0,87|
|C425|810170|1|UN|22|0,14|0,66|
|C425|812910|1|UN|35|0,23|1,05|
|C425|813360|1|UN|9|0,06|0,27|
|C425|813520|1|UN|32|0,21|0,96|
|C425|840951|1|UN|29|0,19|0,87|
|C425|030123|1|UN|3199|20,79|95,97|
|C420|N1|36|||
|C425|980200|1|UN|6|0,04|0,18|
|C425|940390|1|UN|30|0,2|0,9|
|C490|000|5102|17|7177|7177|1220,09||
|C490|041|5102|0|36|0|0||
|C405|11072011|1|1345|26760|10860772,62|3877|
|C420|01T1700|3877|1||
|C425|290220|1|UN|79|0,51|2,37|
|C425|103030|1|UN|59|0,38|1,77|
|C425|103121|1|UN|5|0,03|0,15|
|C425|710310|1|UN|18|0,12|0,54|
|C425|040470|1|UN|389|2,53|11,67|
|C425|902810|1|UN|29|0,19|0,87|
|C425|290270|1|UN|99|0,64|2,97|
|C425|701360|1|UN|13|0,08|0,39|
|C425|040173|1|UN|1049|6,82|31,47|
|C425|180270|1|UN|259|1,68|7,77|
|C425|180203|1|UN|180|1,17|5,4|
|C425|150040|1|UN|59|0,38|1,77|
|C425|103110|1|UN|59|0,38|1,77|
|C425|040550|1|UN|159|1,03|4,77|
|C425|040290|1|UN|522|3,39|15,66|
|C425|040250|1|UN|899|5,84|26,97|
|C490|000|5102|17|3877|3877|659,09||
|C405|12072011|1|1346|26774|10866279,62|5507|
|C420|01T1700|5507|1||
|C425|501140|2|UN|14|0,09|0,42|
|C425|810392|1|UN|69|0,45|2,07|
|C425|811530|1|UN|55|0,36|1,65|
|C425|050600|1|UN|679|4,41|20,37|
|C425|890100|1|UN|23|0,15|0,69|
|C425|890560|1|UN|199|1,29|5,97|
|C425|521150|1|UN|12|0,08|0,36|
|C425|030253|1|UN|1599|10,39|47,97|
|C425|813650|1|UN|49|0,32|1,47|
|C425|220133|1|UN|1649|10,72|49,47|
|C425|702150|1|UN|15|0,1|0,45|
|C425|701410|1|UN|22|0,14|0,66|
|C425|090220|2|UN|278|1,8|8,34|
|C425|030333|1|UN|844|5,49|25,32|
|C490|000|5102|17|5507|5507|936,19||
|C405|13072011|1|1347|26791|10871525,63|5246|
|C420|01T1700|5236|1||
|C425|120040|1|UN|33|0,21|0,99|
|C425|810562|1|UN|39|0,25|1,17|
|C425|813640|1|UN|15|0,1|0,45|
|C425|030223|1|UN|1799|11,69|53,97|
|C425|106010|1|UN|79|0,51|2,37|
|C425|040460|1|UN|349|2,27|10,47|
|C425|701590|1|UN|39|0,25|1,17|
|C425|531310|1|UN|15|0,1|0,45|
|C425|030830|1|UN|1170|7,61|35,1|
|C425|120030|1|UN|47|0,31|1,41|
|C425|100220|1|UN|389|2,53|11,67|
|C425|701830|1|UN|35|0,23|1,05|
|C425|290300|1|UN|129|0,84|3,87|
|C425|200370|1|UN|329|2,14|9,87|
|C425|180590|1|UN|115|0,75|3,45|
|C425|102010|1|UN|14|0,09|0,42|
|C425|040213|1|UN|640|4,16|19,2|
|C420|N1|10|||
|C425|940360|1|UN|10|0,07|0,3|
|C490|000|5102|17|5236|5236|890,12||
|C490|041|5102|0|10|0|0||
|C405|14072011|1|1348|26808|10879620,64|8095|
|C420|01T1700|8095|1||
|C425|500081|1|UN|49|0,32|1,47|
|C425|300010|1|UN|1369|8,9|41,07|
|C425|900671|1|UN|7|0,05|0,21|
|C425|040453|1|UN|300|1,95|9|
|C425|902590|1|UN|10|0,07|0,3|
|C425|701420|5|UN|75|0,49|2,25|
|C425|120040|1|UN|69|0,45|2,07|
|C425|902580|2|UN|12|0,08|0,36|
|C425|840980|1|UN|65|0,42|1,95|
|C425|030013|1|UN|1935|12,58|58,05|
|C425|050840|1|UN|284|1,85|8,52|
|C425|901313|2|UN|30|0,2|0,9|
|C425|813230|1|UN|6|0,04|0,18|
|C425|710360|1|UN|20|0,13|0,6|
|C425|031273|1|UN|930|6,05|27,9|
|C425|030093|1|UN|2125|13,81|63,75|
|C425|031110|1|UN|309|2,01|9,27|
|C425|030363|1|UN|500|3,25|15|
|C490|000|5102|17|8095|8095|1376,15||
|C405|15072011|1|1349|26823|10886481,64|6861|
|C420|01T1700|6861|1||
|C425|950201|1|UN|15|0,1|0,45|
|C425|300010|1|UN|665|4,32|19,95|
|C425|102081|1|UN|99|0,64|2,97|
|C425|500831|1|UN|12|0,08|0,36|
|C425|900951|1|UN|5|0,03|0,15|
|C425|702070|1|UN|12|0,08|0,36|
|C425|902650|1|UN|99|0,64|2,97|
|C425|700180|1|UN|15|0,1|0,45|
|C425|030053|1|UN|1820|11,83|54,6|
|C425|701430|1|UN|20|0,13|0,6|
|C425|180790|1|UN|854|5,55|25,62|
|C425|180270|1|UN|259|1,68|7,77|
|C425|040550|2|UN|318|2,06|9,54|
|C425|040250|1|UN|899|5,84|26,97|
|C425|031283|1|UN|970|6,31|29,1|
|C425|030433|1|UN|799|5,19|23,97|
|C490|000|5102|17|6861|6861|1166,37||
|C405|16072011|1|1350|26840|10897198,64|10717|
|C420|01T1700|10717|1||
|C425|040453|1|UN|600|3,9|18|
|C425|900081|1|UN|12|0,08|0,36|
|C425|031100|1|UN|499|3,24|14,97|
|C425|701200|1|UN|27|0,18|0,81|
|C425|850050|1|UN|59|0,38|1,77|
|C425|500790|1|UN|7|0,05|0,21|
|C425|900671|1|UN|7|0,05|0,21|
|C425|180550|1|UN|510|3,32|15,3|
|C425|103290|1|UN|10|0,07|0,3|
|C425|911040|1|UN|45|0,29|1,35|
|C425|103280|1|UN|10|0,07|0,3|
|C425|030143|1|UN|875|5,69|26,25|
|C425|950330|1|UN|1110|7,22|33,3|
|C425|030443|1|UN|560|3,64|16,8|
|C425|031130|1|UN|1299|8,44|38,97|
|C425|040183|1|UN|860|5,59|25,8|
|C425|502371|1|UN|10|0,07|0,3|
|C425|031273|1|UN|1959|12,73|58,77|
|C425|950370|1|UN|1699|11,04|50,97|
|C425|950490|1|UN|529|3,44|15,87|
|C425|103300|1|UN|10|0,07|0,3|
|C425|103320|1|UN|10|0,07|0,3|
|C425|900060|1|UN|10|0,07|0,3|
|C490|000|5102|17|10717|10717|1821,89||
|C405|18072011|1|1351|26851|10907742,64|10544|
|C420|01T1700|10544|1||
|C425|701750|1|UN|29|0,19|0,87|
|C425|040233|1|UN|2499|16,24|74,97|
|C425|701420|1|UN|15|0,1|0,45|
|C425|330240|1|UN|36|0,23|1,08|
|C425|200030|1|UN|569|3,7|17,07|
|C425|090280|1|UN|85|0,55|2,55|
|C425|031030|1|UN|619|4,02|18,57|
|C425|330030|1|UN|61|0,4|1,83|
|C425|290270|1|UN|89|0,58|2,67|
|C425|030053|1|UN|1949|12,67|58,47|
|C425|701410|1|UN|19|0,12|0,57|
|C425|330250|1|UN|99|0,64|2,97|
|C425|290300|1|UN|61|0,4|1,83|
|C425|290033|1|UN|179|1,16|5,37|
|C425|220283|1|UN|1749|11,37|52,47|
|C425|180790|1|UN|1799|11,69|53,97|
|C425|100210|1|UN|379|2,46|11,37|
|C425|040360|1|UN|166|1,08|4,98|
|C425|031240|1|UN|142|0,92|4,26|
|C490|000|5102|17|10544|10544|1792,48||
|C405|19072011|1|1352|26873|10913798,64|6056|
|C420|01T1700|5897|1||
|C425|701270|1|UN|25|0,16|0,75|
|C425|810920|1|UN|15|0,1|0,45|
|C425|950300|1|UN|89|0,58|2,67|
|C425|700570|1|UN|10|0,07|0,3|
|C425|180253|1|UN|160|1,04|4,8|
|C425|050553|1|UN|649|4,22|19,47|
|C425|700790|1|UN|29|0,19|0,87|
|C425|700740|1|UN|14|0,09|0,42|
|C425|180550|1|UN|539|3,5|16,17|
|C425|610020|2|UN|90|0,59|2,7|
|C425|950262|1|UN|49|0,32|1,47|
|C425|950263|1|UN|69|0,45|2,07|
|C425|701082|1|UN|99|0,64|2,97|
|C425|900456|1|UN|33|0,21|0,99|
|C425|030353|1|UN|1050|6,83|31,5|
|C425|180270|2|UN|518|3,36|15,54|
|C425|030523|1|UN|169|1,1|5,07|
|C425|030533|1|UN|256|1,66|7,68|
|C425|040053|1|UN|619|4,02|18,57|
|C425|040183|1|UN|450|2,93|13,5|
|C425|103110|2|UN|118|0,77|3,54|
|C425|104030|2|UN|20|0,13|0,6|
|C425|031190|1|UN|499|3,24|14,97|
|C425|180320|2|UN|90|0,58|2,7|
|C425|290200|1|UN|119|0,77|3,57|
|C425|290260|1|UN|49|0,32|1,47|
|C425|500160|1|UN|29|0,19|0,87|
|C425|701750|1|UN|29|0,19|0,87|
|C425|702150|1|UN|12|0,08|0,36|
|C420|N1|159|||
|C425|940450|1|UN|159|1,03|4,77|
|C490|000|5102|17|5897|5897|1002,49||
|C490|041|5102|0|159|0|0||
|C405|20072011|1|1353|26891|10919319,64|5521|
|C420|01T1700|5521|1||
|C425|101410|1|UN|12|0,08|0,36|
|C425|812040|2|UN|38|0,25|1,14|
|C425|890500|1|UN|99|0,64|2,97|
|C425|101160|1|UN|12|0,08|0,36|
|C425|330020|1|UN|109|0,71|3,27|
|C425|180550|1|UN|539|3,5|16,17|
|C425|700432|1|UN|29|0,19|0,87|
|C425|700760|1|UN|29|0,19|0,87|
|C425|702060|1|UN|12|0,08|0,36|
|C425|700181|1|UN|29|0,19|0,87|
|C425|680790|1|UN|39|0,25|1,17|
|C425|900432|2|UN|24|0,16|0,72|
|C425|700542|1|UN|15|0,1|0,45|
|C425|030363|1|UN|522|3,39|15,66|
|C425|330050|1|UN|49|0,32|1,47|
|C425|030383|1|UN|1389|9,03|41,67|
|C425|030523|1|UN|339|2,2|10,17|
|C425|031110|1|UN|649|4,22|19,47|
|C425|040520|1|UN|999|6,49|29,97|
|C425|100210|1|UN|379|2,46|11,37|
|C425|950120|1|UN|49|0,32|1,47|
|C425|501720|1|UN|29|0,19|0,87|
|C425|701410|2|UN|38|0,25|1,14|
|C425|701760|2|UN|30|0,2|0,9|
|C425|740300|3|UN|18|0,12|0,54|
|C425|900450|1|UN|45|0,29|1,35|
|C490|000|5102|17|5521|5521|938,57||
|C405|21072011|1|1354|26916|10929104,65|9785|
|C420|01T1700|9776|1||
|C425|900431|1|UN|22|0,14|0,66|
|C425|180350|1|UN|349|2,27|10,47|
|C425|150420|1|UN|99|0,64|2,97|
|C425|811370|1|UN|49|0,32|1,47|
|C425|902590|1|UN|10|0,07|0,3|
|C425|330240|1|UN|76|0,49|2,28|
|C425|051210|1|UN|1419|9,22|42,57|
|C425|030630|1|UN|1200|7,8|36|
|C425|050840|2|UN|884|5,74|26,52|
|C425|500810|1|UN|10|0,07|0,3|
|C425|030940|1|UN|1699|11,04|50,97|
|C425|220133|1|UN|1569|10,2|47,07|
|C425|040123|1|UN|710|4,62|21,3|
|C425|813360|1|UN|9|0,06|0,27|
|C425|812910|1|UN|35|0,23|1,05|
|C425|680390|1|UN|79|0,51|2,37|
|C425|103120|2|UN|20|0,13|0,6|
|C425|100200|1|UN|379|2,46|11,37|
|C425|040183|1|UN|899|5,84|26,97|
|C425|031240|1|UN|259|1,68|7,77|
|C420|N1|9|||
|C425|940360|1|UN|9|0,06|0,27|
|C490|000|5102|17|9776|9776|1661,92||
|C490|041|5102|0|9|0|0||
|C405|22072011|1|1355|26946|10942412,65|12029|
|C420|01T1700|12029|1||
|C425|502202|1|UN|79|0,51|2,37|
|C425|102700|1|UN|109|0,71|3,27|
|C425|820760|1|UN|19|0,12|0,57|
|C425|903573|1|UN|299|1,94|8,97|
|C425|180350|1|UN|165|1,07|4,95|
|C425|521050|1|UN|399|2,59|11,97|
|C425|902590|7|UN|70|0,46|2,1|
|C425|700280|3|UN|18|0,12|0,54|
|C425|501120|1|UN|49|0,32|1,47|
|C425|890560|2|UN|398|2,58|11,94|
|C425|030143|1|UN|1754|11,4|52,62|
|C425|290280|1|UN|119|0,77|3,57|
|C425|030870|1|UN|4299|27,94|128,97|
|C425|902580|3|UN|18|0,12|0,54|
|C425|950310|1|UN|119|0,77|3,57|
|C425|890370|1|UN|349|2,27|10,47|
|C425|180770|1|UN|1200|7,8|36|
|C425|180290|2|UN|238|1,54|7,14|
|C425|040560|1|UN|299|1,94|8,97|
|C425|030940|1|UN|1699|11,04|50,97|
|C425|030523|1|UN|330|2,15|9,9|
|C490|000|5102|17|12029|12029|2044,93||
|C405|23072011|1|1356|26961|10948738,65|6326|
|C420|01T1700|6326|1||
|C425|702180|1|UN|129|0,84|3,87|
|C425|910890|1|UN|45|0,29|1,35|
|C425|103100|2|UN|98|0,64|2,94|
|C425|101120|1|UN|35|0,23|1,05|
|C425|050983|1|UN|900|5,85|27|
|C425|810291|1|UN|29|0,19|0,87|
|C425|200360|1|UN|219|1,42|6,57|
|C425|030253|1|UN|1525|9,91|45,75|
|C425|160180|1|UN|99|0,64|2,97|
|C425|030093|1|UN|1045|6,79|31,35|
|C425|103300|3|UN|30|0,2|0,9|
|C425|902511|2|UN|158|1,03|4,74|
|C425|040423|1|UN|799|5,19|23,97|
|C425|031073|1|UN|740|4,81|22,2|
|C425|030283|1|UN|475|3,09|14,25|
|C490|000|5102|17|6326|6326|1075,42||
|C405|25072011|1|1357|26977|10952786,65|4048|
|C420|01T1700|4012|1||
|C425|040163|1|UN|859|5,58|25,77|
|C425|901930|1|UN|12|0,08|0,36|
|C425|031260|1|UN|578|3,76|17,34|
|C425|902680|3|UN|36|0,23|1,08|
|C425|840770|1|UN|29|0,19|0,87|
|C425|330050|1|UN|49|0,32|1,47|
|C425|840421|1|UN|25|0,16|0,75|
|C425|840422|1|UN|29|0,19|0,87|
|C425|104140|1|UN|29|0,19|0,87|
|C425|500552|1|UN|22|0,14|0,66|
|C425|810393|1|UN|219|1,42|6,57|
|C425|040423|1|UN|769|5|23,07|
|C425|180280|1|UN|89|0,58|2,67|
|C425|101350|1|UN|10|0,07|0,3|
|C425|101420|6|UN|60|0,39|1,8|
|C425|101430|1|UN|99|0,64|2,97|
|C425|101510|6|UN|78|0,51|2,34|
|C425|180270|2|UN|518|3,36|15,54|
|C425|330010|1|UN|119|0,77|3,57|
|C425|180290|1|UN|139|0,9|4,17|
|C425|290033|1|UN|189|1,23|5,67|
|C425|290190|1|UN|55|0,36|1,65|
|C420|N1|36|||
|C425|940340|1|UN|7|0,05|0,21|
|C425|710060|1|UN|29|0,19|0,87|
|C490|000|5102|17|4012|4012|682,04||
|C490|041|5102|0|36|0|0||
|C405|26072011|1|1358|27005|10958164,66|5306|
|C420|01T1700|5301|1||
|C425|105101|1|UN|19|0,12|0,57|
|C425|050840|1|UN|599|3,89|17,97|
|C425|902481|1|UN|10|0,07|0,3|
|C425|100053|1|UN|426|2,77|12,78|
|C425|501790|1|UN|29|0,19|0,87|
|C425|600070|1|UN|19|0,12|0,57|
|C425|700640|1|UN|5|0,03|0,15|
|C425|900671|1|UN|7|0,05|0,21|
|C425|040143|1|UN|870|5,66|26,1|
|C425|701600|1|UN|39|0,25|1,17|
|C425|902470|1|UN|25|0,16|0,75|
|C425|101450|6|UN|60|0,39|1,8|
|C425|103250|1|UN|29|0,19|0,87|
|C425|700181|1|UN|26|0,17|0,78|
|C425|520351|1|UN|75|0,49|2,25|
|C425|610080|1|UN|59|0,38|1,77|
|C425|910390|1|UN|139|0,9|4,17|
|C425|030373|1|UN|1249|8,12|37,47|
|C425|500160|2|UN|58|0,38|1,74|
|C425|100210|1|UN|379|2,46|11,37|
|C425|101430|1|UN|99|0,64|2,97|
|C425|101510|6|UN|78|0,51|2,34|
|C425|290053|1|UN|199|1,29|5,97|
|C425|290200|1|UN|119|0,77|3,57|
|C425|330050|1|UN|49|0,32|1,47|
|C425|330150|1|UN|369|2,4|11,07|
|C425|813371|4|UN|20|0,14|0,6|
|C425|501780|1|UN|13|0,08|0,39|
|C425|650200|1|UN|39|0,25|1,17|
|C425|813360|1|UN|16|0,1|0,48|
|C425|101440|6|UN|72|0,47|2,16|
|C425|900431|1|UN|22|0,14|0,66|
|C425|104090|1|UN|65|0,42|1,95|
|C425|500700|1|UN|19|0,12|0,57|
|C420|N1|5|||
|C425|940350|1|UN|5|0,03|0,15|
|C490|000|5102|17|5301|5301|901,17||
|C490|041|5102|0|5|0|0||
|C405|27072011|1|1359|27043|10970884,67|12236|
|C420|01T1700|12222|1||
|C425|950133|1|UN|119|0,77|3,57|
|C425|890500|1|UN|99|0,64|2,97|
|C425|290280|1|UN|119|0,77|3,57|
|C425|501110|1|UN|289|1,88|8,67|
|C425|521150|2|UN|24|0,16|0,72|
|C425|901511|1|UN|65|0,42|1,95|
|C425|120040|1|UN|69|0,45|2,07|
|C425|670890|1|UN|32|0,21|0,96|
|C425|700640|1|UN|5|0,03|0,15|
|C425|840980|3|UN|195|1,26|5,85|
|C425|050553|1|UN|649|4,22|19,47|
|C425|180550|1|UN|514|3,34|15,42|
|C425|700451|1|UN|22|0,14|0,66|
|C425|910910|1|UN|42|0,27|1,26|
|C425|970120|1|UN|149|0,97|4,47|
|C425|910950|1|UN|59|0,38|1,77|
|C425|970680|1|UN|29|0,19|0,87|
|C425|521160|1|UN|10|0,07|0,3|
|C425|030333|1|UN|869|5,65|26,07|
|C425|290200|1|UN|119|0,77|3,57|
|C425|030373|1|UN|1249|8,12|37,47|
|C425|030443|1|UN|1229|7,99|36,87|
|C425|030770|1|UN|1260|8,19|37,8|
|C425|030900|1|UN|649|4,22|19,47|
|C425|100210|2|UN|537|3,5|16,11|
|C425|180290|2|UN|238|1,54|7,14|
|C425|180790|1|UN|1799|11,69|53,97|
|C425|200510|1|UN|599|3,89|17,97|
|C425|500411|1|UN|8|0,05|0,24|
|C425|290290|1|UN|96|0,62|2,88|
|C425|330250|1|UN|99|0,64|2,97|
|C425|650200|1|UN|38|0,25|1,14|
|C425|903180|4|UN|24|0,16|0,72|
|C425|950230|6|UN|72|0,47|2,16|
|C425|200520|1|UN|179|1,16|5,37|
|C425|031260|1|UN|579|3,76|17,37|
|C425|290270|1|UN|89|0,58|2,67|
|C420|N1|14|||
|C425|940340|2|UN|14|0,09|0,42|
|C490|000|5102|17|12222|12222|2077,74||
|C490|041|5102|0|14|0|0||
|C405|28072011|1|1360|27062|10984493,67|13609|
|C420|01T1700|13454|1||
|C425|501491|1|UN|35|0,23|1,05|
|C425|701200|1|UN|27|0,18|0,81|
|C425|811700|1|UN|13|0,08|0,39|
|C425|050983|1|UN|1999|12,99|59,97|
|C425|900951|1|UN|5|0,03|0,15|
|C425|840450|1|UN|119|0,77|3,57|
|C425|950063|1|UN|15|0,1|0,45|
|C425|501492|2|UN|90|0,59|2,7|
|C425|950062|1|UN|10|0,07|0,3|
|C425|950061|1|UN|79|0,51|2,37|
|C425|950064|1|UN|17|0,11|0,51|
|C425|840631|1|UN|25|0,16|0,75|
|C425|030830|1|UN|1235|8,03|37,05|
|C425|330130|1|UN|208|1,35|6,24|
|C425|030940|2|UN|3364|21,86|100,92|
|C425|040103|1|UN|665|4,32|19,95|
|C425|100210|3|UN|1137|7,39|34,11|
|C425|180790|1|UN|850|5,53|25,5|
|C425|330050|1|UN|49|0,32|1,47|
|C425|160170|1|UN|90|0,59|2,7|
|C425|811990|1|UN|13|0,08|0,39|
|C425|950460|1|UN|1139|7,4|34,17|
|C425|701040|1|UN|49|0,32|1,47|
|C425|030093|1|UN|2199|14,29|65,97|
|C425|900431|1|UN|22|0,14|0,66|
|C420|N1|155|||
|C425|940450|1|UN|155|1,01|4,65|
|C490|000|5102|17|13454|13454|2287,18||
|C490|041|5102|0|155|0|0||
|C405|29072011|1|1361|27080|10989844,67|3522|
|C420|01T1700|3517|1||
|C425|880150|1|UN|79|0,51|2,37|
|C425|970490|1|UN|29|0,19|0,87|
|C425|500270|1|UN|89|0,58|2,67|
|C425|813380|1|UN|39|0,25|1,17|
|C425|680660|1|UN|59|0,38|1,77|
|C425|660960|1|UN|69|0,45|2,07|
|C425|701080|1|UN|69|0,45|2,07|
|C425|050543|1|UN|453|2,94|13,59|
|C425|030900|1|UN|610|3,97|18,3|
|C425|502190|1|UN|54|0,35|1,62|
|C425|710030|1|UN|5|0,03|0,15|
|C425|290300|1|UN|129|0,84|3,87|
|C425|180930|1|UN|149|0,97|4,47|
|C425|180920|1|UN|69|0,45|2,07|
|C425|180280|1|UN|89|0,58|2,67|
|C425|100210|1|UN|379|2,46|11,37|
|C425|040013|1|UN|1147|7,46|34,41|
|C420|N1|5|||
|C425|940350|1|UN|5|0,03|0,15|
|C490|000|5102|17|3517|3517|597,89||
|C490|041|5102|0|5|0|0||
|C405|30072011|1|1362|27094|10993865,67|2822|
|C420|01T1700|2822|1||
|C425|902580|2|UN|12|0,08|0,36|
|C425|500941|2|UN|24|0,16|0,72|
|C425|500541|1|UN|39|0,25|1,17|
|C425|760061|1|UN|119|0,77|3,57|
|C425|111080|1|UN|18|0,12|0,54|
|C425|030443|1|UN|1229|7,99|36,87|
|C425|813360|1|UN|9|0,06|0,27|
|C425|500160|2|UN|58|0,38|1,74|
|C425|330210|1|UN|66|0,43|1,98|
|C425|330050|1|UN|49|0,32|1,47|
|C425|180770|1|UN|1199|7,79|35,97|
|C490|000|5102|17|2822|2822|479,74||
|C400|2D|ECF|BE0106SC56001133153|4|
|C405|01072011|1|1025|13139|10493220,66|7403|
|C420|01T1700|7403|1||
|C425|030760|1|UN|1299|8,44|38,97|
|C425|040133|1|UN|738|4,8|22,14|
|C425|040383|1|UN|650|4,23|19,5|
|C425|040393|1|UN|949|6,17|28,47|
|C425|040520|1|UN|999|6,49|29,97|
|C425|100200|1|UN|370|2,41|11,1|
|C425|950360|1|UN|479|3,11|14,37|
|C425|220460|1|UN|1919|12,47|57,57|
|C490|000|5102|17|7403|7403|1258,51||
|C405|02072011|1|1026|13146|10505087,66|11867|
|C420|01T1700|11867|1||
|C425|030100|4|UN|11867|77,13|356,01|
|C490|000|5102|17|11867|11867|2017,39||
|C405|04072011|1|1027|13160|10520717,66|15630|
|C420|01T1700|15630|1||
|C425|220133|1|UN|1869|12,15|56,07|
|C425|050600|1|UN|679|4,41|20,37|
|C425|040453|2|UN|1209|7,86|36,27|
|C425|050683|1|UN|799|5,19|23,97|
|C425|040470|1|UN|389|2,53|11,67|
|C425|030100|1|UN|2999|19,49|89,97|
|C425|030123|1|UN|3199|20,79|95,97|
|C425|030523|1|UN|339|2,2|10,17|
|C425|030460|1|UN|1350|8,78|40,5|
|C425|030433|1|UN|799|5,19|23,97|
|C425|030130|1|UN|1999|12,99|59,97|
|C490|000|5102|17|15630|15630|2657,1||
|C405|05072011|1|1028|13165|10523395,66|2678|
|C420|01T1700|2678|1||
|C425|030363|1|UN|1099|7,14|32,97|
|C425|220133|1|UN|1579|10,26|47,37|
|C490|000|5102|17|2678|2678|455,26||
|C405|06072011|1|1029|13171|10530909,66|7514|
|C420|01T1700|7514|1||
|C425|040203|1|UN|1664|10,82|49,92|
|C425|031140|1|UN|1750|11,38|52,5|
|C425|220660|1|UN|4100|26,65|123|
|C490|000|5102|17|7514|7514|1277,38||
|C405|07072011|1|1030|13180|10536655,66|5746|
|C420|01T1700|5746|1||
|C425|220183|1|UN|1199|7,79|35,97|
|C425|890210|1|UN|420|2,73|12,6|
|C425|180380|1|UN|499|3,24|14,97|
|C425|030113|1|UN|2999|19,49|89,97|
|C425|040453|1|UN|629|4,09|18,87|
|C490|000|5102|17|5746|5746|976,82||
|C405|08072011|1|1031|13186|10540533,66|3878|
|C420|01T1700|3878|1||
|C425|950360|1|UN|460|2,99|13,8|
|C425|950460|1|UN|1120|7,28|33,6|
|C425|051210|1|UN|1349|8,77|40,47|
|C425|051220|1|UN|949|6,17|28,47|
|C490|000|5102|17|3878|3878|659,26||
|C405|09072011|1|1032|13194|10547530,66|6997|
|C420|01T1700|6997|1||
|C425|031110|1|UN|620|4,03|18,6|
|C425|040393|1|UN|959|6,23|28,77|
|C425|220353|1|UN|2849|18,52|85,47|
|C425|031273|1|UN|1959|12,73|58,77|
|C425|040453|1|UN|610|3,97|18,3|
|C490|000|5102|17|6997|6997|1189,49||
|C405|11072011|1|1033|13212|10561204,66|13674|
|C420|01T1700|13674|1||
|C425|180380|1|UN|499|3,24|14,97|
|C425|220660|1|UN|4449|28,92|133,47|
|C425|330240|1|UN|89|0,58|2,67|
|C425|330020|1|UN|109|0,71|3,27|
|C425|120050|1|UN|199|1,29|5,97|
|C425|105105|1|UN|49|0,32|1,47|
|C425|200420|1|UN|169|1,1|5,07|
|C425|120170|1|UN|299|1,94|8,97|
|C425|030383|1|UN|1299|8,44|38,97|
|C425|910782|1|UN|69|0,45|2,07|
|C425|200370|1|UN|329|2,14|9,87|
|C425|180790|1|UN|1799|11,69|53,97|
|C425|180270|1|UN|249|1,62|7,47|
|C425|100030|1|UN|499|3,24|14,97|
|C425|040520|1|UN|969|6,3|29,07|
|C425|030830|1|UN|2599|16,89|77,97|
|C490|000|5102|17|13674|13674|2324,58||
|C405|12072011|1|1034|13243|10567922,66|6718|
|C420|01T1700|6718|1||
|C425|901130|1|UN|85|0,55|2,55|
|C425|040470|1|UN|389|2,53|11,67|
|C425|100053|1|UN|420|2,73|12,6|
|C425|290280|2|UN|248|1,61|7,44|
|C425|500090|1|UN|65|0,42|1,95|
|C425|890560|1|UN|199|1,29|5,97|
|C425|890500|2|UN|198|1,28|5,94|
|C425|120050|1|UN|159|1,03|4,77|
|C425|680280|1|UN|45|0,29|1,35|
|C425|040453|1|UN|629|4,09|18,87|
|C425|910670|1|UN|25|0,16|0,75|
|C425|180550|2|UN|1078|7|32,34|
|C425|840840|2|UN|114|0,74|3,42|
|C425|030363|1|UN|1099|7,14|32,97|
|C425|890370|1|UN|349|2,27|10,47|
|C425|090240|1|UN|59|0,38|1,77|
|C425|120090|1|UN|69|0,45|2,07|
|C425|180270|1|UN|259|1,68|7,77|
|C425|290033|1|UN|179|1,16|5,37|
|C425|290340|1|UN|99|0,64|2,97|
|C425|680940|1|UN|55|0,36|1,65|
|C425|902511|1|UN|90|0,59|2,7|
|C425|180380|1|UN|499|3,24|14,97|
|C425|500082|2|UN|98|0,64|2,94|
|C425|680501|1|UN|35|0,23|1,05|
|C425|330030|1|UN|129|0,84|3,87|
|C425|500170|1|UN|45|0,29|1,35|
|C490|000|5102|17|6718|6718|1142,06||
|C405|13072011|1|1035|13269|10581488,66|13566|
|C420|01T1700|13566|1||
|C425|950310|2|UN|248|1,61|7,44|
|C425|040453|1|UN|590|3,84|17,7|
|C425|330240|1|UN|75|0,49|2,25|
|C425|120030|1|UN|109|0,71|3,27|
|C425|050543|1|UN|459|2,98|13,77|
|C425|500090|1|UN|65|0,42|1,95|
|C425|290280|1|UN|119|0,77|3,57|
|C425|030870|1|UN|4499|29,24|134,97|
|C425|890500|1|UN|110|0,72|3,3|
|C425|813560|1|UN|45|0,29|1,35|
|C425|030130|1|UN|1859|12,08|55,77|
|C425|330090|2|UN|248|1,61|7,44|
|C425|330050|1|UN|59|0,38|1,77|
|C425|290300|1|UN|139|0,9|4,17|
|C425|290290|1|UN|99|0,64|2,97|
|C425|120020|1|UN|99|0,64|2,97|
|C425|090240|2|UN|128|0,83|3,84|
|C425|040520|1|UN|999|6,49|29,97|
|C425|040383|1|UN|649|4,22|19,47|
|C425|040223|1|UN|1569|10,2|47,07|
|C425|030460|1|UN|1399|9,09|41,97|
|C490|000|5102|17|13566|13566|2306,22||
|C405|14072011|1|1036|13278|10586352,66|4864|
|C420|01T1700|4864|1||
|C425|031283|1|UN|2049|13,32|61,47|
|C425|330050|1|UN|59|0,38|1,77|
|C425|330210|1|UN|69|0,45|2,07|
|C425|330250|1|UN|109|0,71|3,27|
|C425|200520|1|UN|179|1,16|5,37|
|C425|030033|1|UN|2399|15,59|71,97|
|C490|000|5102|17|4864|4864|826,88||
|C405|16072011|1|1038|13299|10592006,66|5654|
|C420|01T1700|5654|1||
|C425|120170|1|UN|299|1,94|8,97|
|C425|890081|1|UN|69|0,45|2,07|
|C425|910670|1|UN|25|0,16|0,75|
|C425|120030|1|UN|99|0,64|2,97|
|C425|290280|1|UN|129|0,84|3,87|
|C425|105105|1|UN|49|0,32|1,47|
|C425|330030|2|UN|245|1,59|7,35|
|C425|040013|1|UN|530|3,45|15,9|
|C425|031160|1|UN|1769|11,5|53,07|
|C425|330090|1|UN|129|0,84|3,87|
|C425|290290|1|UN|99|0,64|2,97|
|C425|180270|2|UN|514|3,34|15,42|
|C425|120060|1|UN|299|1,94|8,97|
|C425|040213|1|UN|1399|9,09|41,97|
|C490|000|5102|17|5654|5654|961,18||
|C405|18072011|1|1039|13310|10604396,66|12390|
|C420|01T1700|12390|1||
|C425|031130|1|UN|1299|8,44|38,97|
|C425|051220|1|UN|949|6,17|28,47|
|C425|100210|1|UN|379|2,46|11,37|
|C425|100200|1|UN|409|2,66|12,27|
|C425|040423|1|UN|769|5|23,07|
|C425|040013|1|UN|1169|7,6|35,07|
|C425|030053|1|UN|1949|12,67|58,47|
|C425|031110|1|UN|641|4,17|19,23|
|C425|030910|1|UN|999|6,49|29,97|
|C425|030770|1|UN|1299|8,44|38,97|
|C425|030760|1|UN|1299|8,44|38,97|
|C425|030443|1|UN|1229|7,99|36,87|
|C490|000|5102|17|12390|12390|2106,3||
|C405|20072011|1|1041|13325|10609860,67|5464|
|C420|01T1700|5464|1||
|C425|040383|1|UN|699|4,54|20,97|
|C425|040540|1|UN|1899|12,34|56,97|
|C425|180270|1|UN|259|1,68|7,77|
|C425|290220|1|UN|79|0,51|2,37|
|C425|050840|2|UN|1140|7,41|34,2|
|C425|050630|1|UN|1359|8,83|40,77|
|C425|502350|1|UN|29|0,19|0,87|
|C490|000|5102|17|5464|5464|928,88||
|C405|21072011|1|1042|13331|10612603,67|2743|
|C420|01T1700|2743|1||
|C425|030283|1|UN|225|1,46|6,75|
|C425|100030|1|UN|519|3,37|15,57|
|C425|031160|1|UN|1999|12,99|59,97|
|C490|000|5102|17|2743|2743|466,31||
|C405|22072011|1|1043|13339|10623369,67|11906|
|C420|01T1700|11906|1||
|C425|030013|1|UN|1919|12,47|57,57|
|C425|030100|1|UN|1350|8,78|40,5|
|C425|030363|1|UN|1049|6,82|31,47|
|C425|030523|1|UN|325|2,11|9,75|
|C425|030850|1|UN|1140|7,41|34,2|
|C425|040530|2|UN|1798|11,69|53,94|
|C425|100210|1|UN|379|2,46|11,37|
|C425|030093|1|UN|2100|13,65|63|
|C425|031190|1|UN|966|6,28|28,98|
|C425|031273|1|UN|880|5,72|26,4|
|C490|000|5102|17|11906|11906|2024,02||
|C405|23072011|1|1044|13344|10626349,67|1840|
|C420|01T1700|1840|1||
|C425|030143|1|UN|1840|11,96|55,2|
|C490|000|5102|17|1840|1840|312,8||
|C405|25072011|1|1045|13358|10642936,67|17768|
|C420|01T1700|17768|1||
|C425|910782|1|UN|79|0,51|2,37|
|C425|813160|1|UN|49|0,32|1,47|
|C425|970140|1|UN|229|1,49|6,87|
|C425|040453|1|UN|599|3,89|17,97|
|C425|760860|1|UN|119|0,77|3,57|
|C425|790060|1|UN|49|0,32|1,47|
|C425|030630|1|UN|1699|11,04|50,97|
|C425|330030|1|UN|129|0,84|3,87|
|C425|031260|1|UN|579|3,76|17,37|
|C425|950330|1|UN|2499|16,24|74,97|
|C425|030143|1|UN|1899|12,34|56,97|
|C425|840431|1|UN|59|0,38|1,77|
|C425|290300|1|UN|139|0,9|4,17|
|C425|180273|1|UN|319|2,07|9,57|
|C425|040430|1|UN|329|2,14|9,87|
|C425|040383|1|UN|699|4,54|20,97|
|C425|040173|1|UN|1049|6,82|31,47|
|C425|031283|1|UN|2049|13,32|61,47|
|C425|030460|2|UN|2798|18,18|83,94|
|C425|030373|2|UN|2398|15,58|71,94|
|C490|000|5102|17|17768|17768|3020,56||
|C405|26072011|1|1046|13390|10649250,68|5133|
|C420|01T1700|5133|1||
|C425|890550|1|UN|199|1,29|5,97|
|C425|902170|1|UN|279|1,81|8,37|
|C425|220590|1|UN|999|6,49|29,97|
|C425|813030|1|UN|45|0,29|1,35|
|C425|501120|1|UN|49|0,32|1,47|
|C425|950300|1|UN|89|0,58|2,67|
|C425|101520|1|UN|69|0,45|2,07|
|C425|813560|1|UN|45|0,29|1,35|
|C425|090280|1|UN|189|1,23|5,67|
|C425|030013|1|UN|1999|12,99|59,97|
|C425|950120|1|UN|49|0,32|1,47|
|C425|180380|1|UN|499|3,24|14,97|
|C425|910782|1|UN|79|0,51|2,37|
|C425|910781|1|UN|69|0,45|2,07|
|C425|890360|1|UN|149|0,97|4,47|
|C425|290340|1|UN|69|0,45|2,07|
|C425|290300|1|UN|129|0,84|3,87|
|C425|120090|1|UN|69|0,45|2,07|
|C425|090240|1|UN|59|0,38|1,77|
|C490|000|5102|17|5133|5133|872,61||
|C405|27072011|1|1047|13409|10660263,68|11013|
|C420|01T1700|11013|1||
|C425|813550|1|UN|39|0,25|1,17|
|C425|520742|1|UN|85|0,55|2,55|
|C425|050620|1|UN|1160|7,54|34,8|
|C425|120050|1|UN|159|1,03|4,77|
|C425|050543|1|UN|459|2,98|13,77|
|C425|901130|1|UN|80|0,52|2,4|
|C425|840620|1|UN|50|0,33|1,5|
|C425|030253|1|UN|1599|10,39|47,97|
|C425|031160|1|UN|1769|11,5|53,07|
|C425|030033|1|UN|2399|15,59|71,97|
|C425|910782|1|UN|79|0,51|2,37|
|C425|902511|1|UN|79|0,51|2,37|
|C425|840432|1|UN|69|0,45|2,07|
|C425|290190|1|UN|59|0,38|1,77|
|C425|030383|2|UN|2928|19,03|87,84|
|C490|000|5102|17|11013|11013|1872,21||
|C405|28072011|1|1048|13425|10685754,68|25491|
|C420|01T1700|25491|1||
|C425|330090|1|UN|114|0,74|3,42|
|C425|050980|1|UN|2870|18,66|86,1|
|C425|030293|1|UN|1529|9,94|45,87|
|C425|160130|1|UN|399|2,59|11,97|
|C425|031190|2|UN|1924|12,5|57,72|
|C425|031160|2|UN|3460|22,49|103,8|
|C425|950310|1|UN|114|0,74|3,42|
|C425|030253|1|UN|1599|10,39|47,97|
|C425|180970|1|UN|2999|19,49|89,97|
|C425|180790|1|UN|1799|11,69|53,97|
|C425|031180|1|UN|2799|18,19|83,97|
|C425|031110|1|UN|649|4,22|19,47|
|C425|030460|2|UN|2798|18,18|83,94|
|C425|030383|1|UN|1339|8,7|40,17|
|C425|030363|1|UN|1099|7,14|32,97|
|C490|000|5102|17|25491|25491|4333,47||
|C405|29072011|1|1049|13431|10692937,68|7183|
|C420|01T1700|7183|1||
|C425|030363|1|UN|1099|7,14|32,97|
|C425|030543|1|UN|749|4,87|22,47|
|C425|840970|1|UN|59|0,38|1,77|
|C425|030123|1|UN|3199|20,79|95,97|
|C425|031260|1|UN|579|3,76|17,37|
|C425|890550|1|UN|199|1,29|5,97|
|C425|031030|1|UN|1299|8,44|38,97|
|C490|000|5102|17|7183|7183|1221,11||
|C405|30072011|1|1050|13447|10706834,68|13897|
|C420|01T1700|13897|1||
|C425|890550|1|UN|199|1,29|5,97|
|C425|520742|1|UN|79|0,51|2,37|
|C425|220590|1|UN|999|6,49|29,97|
|C425|890321|1|UN|115|0,75|3,45|
|C425|200390|1|UN|499|3,24|14,97|
|C425|180263|1|UN|249|1,62|7,47|
|C425|120030|1|UN|99|0,64|2,97|
|C425|840620|1|UN|55|0,36|1,65|
|C425|030030|1|UN|2899|18,84|86,97|
|C425|330030|1|UN|129|0,84|3,87|
|C425|290340|1|UN|59|0,38|1,77|
|C425|180273|1|UN|319|2,07|9,57|
|C425|040530|2|UN|1798|11,68|53,94|
|C425|030850|1|UN|2451|15,93|73,53|
|C425|030830|1|UN|2549|16,57|76,47|
|C425|030460|1|UN|1399|9,09|41,97|
|C490|000|5102|17|13897|13897|2362,49||
|C990|1872|
|D001|0|
|D100|0|1|800007034|08|00|U||016456||30062011|13072011|||277,19||2|277,19|277,19|10,59||||
|D190|000|2353|3,82|277,19|277,19|10,59|0||
|D100|0|1|800006976|08|00|U||022932||31072011|31072011|||106,05||2|106,05|106,05|7,42||||
|D190|000|2353|7,00|106,05|106,05|7,42|0||
|D100|0|1|800006987|08|00|U||061059||07072011|21072011|||1562,50||2|1562,50|1562,50|109,38||||
|D190|000|2353|7,00|1562,50|1562,50|109,38|0||
|D100|0|1|800006987|08|00|U||055980||29062011|20072011|||253,46||2|253,46|253,46|17,74||||
|D190|000|2353|7,00|253,46|253,46|17,74|0||
|D100|0|1|800006984|08|00|U||103984||17062011|15072011|||1479,17||2|1479,17|1479,17|177,50||||
|D190|000|2353|12,00|1479,17|1479,17|177,50|0||
|D100|0|1|800006984|08|00|U||106037||06072011|31072011|||1678,42||2|1678,42|1678,42|201,41||||
|D190|000|2353|12,00|1678,42|1678,42|201,41|0||
|D100|0|1|800006989|08|00|U||784972||08072011|31072011|||1757,07||2|1757,07|1757,07|122,99||||
|D190|000|2353|7,00|1757,07|1757,07|122,99|0||
|D100|0|1|800006987|08|00|U||057606||30062011|20072011|||650,55||2|650,55|650,55|45,54||||
|D190|000|2353|7,00|650,55|650,55|45,54|0||
|D100|0|1|800006987|08|00|U||066791||19072011|31072011|||3905,32||2|3905,32|3905,32|273,37||||
|D190|000|2353|7,00|3905,32|3905,32|273,37|0||
|D100|0|1|800006984|08|00|U||106744||12072011|20072011|||354,48||2|354,48|354,48|42,54||||
|D190|000|2353|12,00|354,48|354,48|42,54|0||
|D100|0|1|800006985|08|00|U||760876||03062011|01072011|||125,56||2|125,56|125,56|8,79||||
|D190|000|2353|7,00|125,56|125,56|8,79|0||
|D100|0|1|800006989|08|00|U||788803||15072011|31072011|||105,30||2|105,30|105,30|7,37||||
|D190|000|2353|7,00|105,30|105,30|7,37|0||
|D100|0|1|12450|57|00|0||000201949||18072011|31072011|0||155,76||1|155,76|0|0|155,76|||
|D190|000|2353||155,76|0|0|0||
|D100|0|1|800007150|57|00|3||000022003||06072011|18072011|0||644,61||1|644,61|0|0|644,61|||
|D190|000|2353||644,61|0|0|0||
|D990|30|
|E001|0|
|E100|01072011|31072011|
|E110|84874,55|0|0|0|37373,58|0|41194,71|0|5845,75|460,51|0|460,51|0|0|
|E111|CE020002|Crédito Antecipado|41194,71|
|E116|000|460,51|30082011|1015|||||072011|
|E990|6|
|G001|1|
|G990|2|
|H001|1|
|H990|2|
|1001|0|
|1700|03|01|||119482|119482|201003857|
|1700|03|01|||119484|119491|201003857|
|1700|03|01|||119493|119499|201003857|
|1700|03|01|||119502|119512|201003857|
|1700|03|01|||119514|119527|201003857|
|1700|03|01|||119529|119530|201003857|
|1700|03|01|||119534|119534|201003857|
|1700|03|01|||119536|119543|201003857|
|1700|03|01|||119545|119561|201003857|
|1700|03|01|||119563|119571|201003857|
|1700|03|01|||119573|119580|201003857|
|1700|03|01|||119584|119585|201003857|
|1700|03|01|||119588|119590|201003857|
|1700|03|01|||119592|119604|201003857|
|1700|03|01|||119606|119606|201003857|
|1990|17|
|9001|0|
|9900|0000|1|
|9900|0001|1|
|9900|0005|1|
|9900|0100|1|
|9900|0150|54|
|9900|0190|8|
|9900|0200|597|
|9900|0220|39|
|9900|0500|1|
|9900|0990|1|
|9900|C001|1|
|9900|C100|190|
|9900|C170|447|
|9900|C190|191|
|9900|C400|2|
|9900|C405|50|
|9900|C420|63|
|9900|C425|864|
|9900|C490|63|
|9900|C990|1|
|9900|D001|1|
|9900|D100|14|
|9900|D190|14|
|9900|D990|1|
|9900|E001|1|
|9900|E100|1|
|9900|E110|1|
|9900|E111|1|
|9900|E116|1|
|9900|E990|1|
|9900|G001|1|
|9900|G990|1|
|9900|H001|1|
|9900|H990|1|
|9900|1001|1|
|9900|1700|15|
|9900|1990|1|
|9900|9001|1|
|9900|9900|41|
|9900|9990|1|
|9900|9999|1|
|9990|44|
|9999|2677|
