|0000|004|1|01082011|31082011|LOJAS CARROSSEL COMERCIO E REPRESENTACOES LTDA|23455967000163||CE|060730463|2304400|||B|1|
|0001|0|
|0005|LOJAS CARROSSEL|60125160|RUA VISCONDE DE MAUA|2085||ALDEOTA|8532614533||lojascarrossel@hotmail.com|
|0100|JOSE ADRIANO PONTES FEITOSA|26472830363|CE011117O6||60025100|RUA MAJOR FACUNDO|844|SALAS 42 E 44|CENTRO|8532532340||adrianofeitosa44@yahoo.com.br|2304400|
|0150|28|TRANSLATINO - LPS TRANSPORTES LTDA|1058|07655778000269||336836272119|3518800||PRACA SAO FRANCISCO DE OLIVEIRA|12||CUMBICA|
|0150|278|TNL PCS SA|1058|04164616002879||116356291119|3550308||AVENIDA DOUTOR CARDOSO DE MELO|1155||VILA OLIMPIA|
|0150|2421|TELECOPY COPIADORA E EQUIP.LTDA|1058|23561848000195|||2304400||R Professor Francisco Gonçalves|46||Dionisio Torres|
|0150|6488|AUTO PECAS CAMPINA GRANDE LTDA|1058|07343858000289||069603170|2304400||AV. VISCONDE DO RIO BRANCO||6213 TERREO|AEROLANDIA|
|0150|7125|CONST.ANDRADE GUTIERREZ LTDA|1058|17262213021949|||2311801||R Dom Lino||ROD BR 116 KM 172 SI|Centro|
|0150|9864|CLARO S/A|1058|40432544016140||062662694|2304400||Avenida Santos Dumond||2811|Aldeota|
|0150|100003254|VTI SERV.COM.E SOL.EM TEC.DA INFORM|1058|07836401000125||062025805|2304400||R Tibúrcio Cavalcante|1573||Meireles|
|0150|100003631|FUJISAN CENTRO DE HEMOT HEMAT DO CEARA|1058|07871676000108|||2304400||Barao de Studart|2626||Joaquim Tavora|
|0150|800006974|ESMALTEC S A|1058|02948030000230||063050536|2307650||AVENIDA PARQUE OESTE|2130||DISTRITO INDUSTRIAL|
|0150|800006977|LOJAS CARROSSEL COMERCIO E REPRESENTACOES LTDA|1058|23455967000163|||2304400||RUA VISCONDE DE MAUA,2085 ALDEOTA|||ALDOTA|
|0150|800006983|WHIRLPOOL S.A.|1058|59105999006036||033829900|2607901||Av . Eixo da integracao|689||Bloco C2-C3|
|0150|800006984|MLOG ARMAZEM GERAL LTDA-GUARARAPES|1058|05117268000989||18158003410011|2607901||AV.EIXO DA INTEGRACAO, 689 - Bloco C2-C3||BL.D.GLD5 SALA 01||
|0150|800006985|MABE BRASIL ELETRODOMESTICOS LTDA|1058|60736279001250||748018519117|3519071||PQ PARQUE INDUSTRIAL BS CONTINEN|||JD.SAO CAMILO|
|0150|800006986|WHIRPOOL S.A|1058|59105999003959||250050889|4209102||DONA FRANCISCA|7200||INDUSTRIAL|
|0150|800006987|MLOG ARMAZEM GERAL LTDA-JLLE|1058|05117268000806||255247770|4209102||DONA FRANCISCA 7200||||
|0150|800006989|MLOG ARMAZEM GERAL LTDA-RC|1058|05117268000555||587274102112|3543907||AV. 80-A 77||||
|0150|800006990|PANASONIC DO BRASIL LIMITADA|1058|04403408000165||062001167|1302603||Rua Matrinxa|1155||D.INDUSTRIAL|
|0150|800006992|PANASONIC DO BRASIL LIMITADA|1058|04403408000912||645482612112|3549904||Ro Presidente Dutra|155||Jardim das Indústrias|
|0150|800006994|ZAIRTON GASPAR DE OLIVEIRA FILHO|1058||12211680372||2304400||R R.BARBOSA DE FREITAS 171 APTO 500|||MEIRELES|
|0150|800007018|CIA DE GAS DO CEARA - CEGAS|1058|73759185000196||069258635|2304400||AV. SANTOS DUMONT||000000|DUNAS|
|0150|800007040|FULL FIT IND.IMPORT. COM. LTDA|1058|60963378000112||105886513118|3550308||Av Thomás Edison|956|||
|0150|800007144|OSTER DO BRASIL COM.DE PROD. ELETR. LTDA|1058|10227217000192||148307107118|3550308||RUA ALEXANDRE DUMAS|2100|2 AND SL 21|CHACARA STO ANTONIO|
|0150|800007146|UNIMED FORTALEZA COOP.DE TRAB.LTDA|1058|05868278000107|||2304400||Av Godofredo Maciel|51||Parangaba|
|0150|800007174|TRANSPORTES MANN LTDA|1058|78663788001185||9024642558|4106902||RUA JOAO GUERINO FABRI, 479|479||CAJURU|
|0150|800007175|MRV MAGIS VI INCORPORACOES LTDA|1058|12926334000170|||2304400||R Taquatiara||SN|Barroso|
|0150|800007176|MABE ITU ELETRODOMESTICOS S.A|1058|02147737000167|||3519071||PQ PARQUE INDUSTRIAL BS CONTINEN|||Jardim São Camilo|
|0150|800007177|JOSE MARTINS INCORPORACOES SPE LTDA|1058|09524456000125|||2304400||R Vicente Leite|1061||Meireles|
|0150|800007178|PONTO DE ORVALHO REFRIGERACAO LTDA|1058|72336522000250||064127524|2304400||R. Costa Barros|1830||Aldeota|
|0150|800007179|MARQUISE SUL EMPREEND IMOBILIARIOS LTDA|1058|08626548000153||062099663|2304400||Av Pontes Vieira|1838|SALA 03|DIONIZIO TORRES|
|0150|800007180|MGK COMERCIO DE PAPEIS E EMBALAGENS LTDA|1058|02741008000134||9018015258|4106902||RUA JOSE ZGODA SOBRELOJA||450|HIGIENOPOLIS|
|0150|800007181|SOFIA PORTO|1058||58252871836||2304400||R Doutor JosÚ Lourenço|1836||Aldeota|
|0150|800007182|UTC INTERNATIONAL LOGISTICS LTDA|1058|02612230000307|||2304400||Av Desembargador Moreira|2120||Aldeota|
|0150|800007183|ASSOCACAO FACE DE CRISTO|1058|63291041000102|||2304400||R Pereira Valente|491|||
|0150|800007184|CONSTRUTORA BELA VISTA LTDA|1058|01013113000194||069657190|2304400||Av. Dom Luis|300||Aldeota|
|0150|800007185|FCH PARTICIPA?OES LTDA|1058|03715791000124|||2304400||R Tibúrcio Cavalcante|500||Meireles|
|0150|800007186|ALBERTO V.CARAPEBA ADV.& CONS.EMP.L|1058|08561105000121|||2304400||Av Santos Dumont|2456|CJ.1901/1905|Aldeota|
|0150|800007187|CROMO LOCAÃçÃâO DE EQUIPAMENTOS LTDA|1058|10700282000193||063762293|2304400||Av Rui Barbosa|2537|COB:AV DESEMB. MOREI|Joaquim TÃívora|
|0150|800007188|NDPL VIAGENS TURISMO E EVENTOS LTDA|1058|11483677000144|||2304400||Av Beira Mar|3960|LOJA 05|Meireles|
|0150|800007189|BEACH PARK HOT.E TUR-SPC ACQUA RESO|1058|11805397000539|||2301000||AV VIA LOCAL 34||S/N|Centro|
|0150|800007190|NONA PROPAGANDA|1058|13878314000133|||2304400||Av Washington Soares|909||Edson Queiroz|
|0150|800007191|HERKMANS|1058||71266157603||2300754||Pr General Alípio dos Santos||LAGOA VERDE|Centro|
|0150|800007192|PATRICIA VALERIA|1058||69688167843||2304400||R Padre Valdevino|2648||Aldeota|
|0150|800007193|LUSIMAR DANTAS GUIMARAES|1058||05169852304||2304400||R Paulo Firmeza|613||Tauape|
|0150|800007194|NAIANA DE CARVALHO LAURENTIUS TIHOE|1058||45784512404||2304400||R Valdetário Mota|1649||Papicu|
|0150|800008026|LOJAS CARROSSEL COM. E REP.LTDA|1058|23455967000597||066697743|2304400||WASHINGTON SOARES||85 TERREO L.58A085|Edson Queiroz|
|0150|800008028|WHIRLPOOL S.A.|1058|59105999000348||587083307116|3543907||Av 80 A|777||Distrito Industrial|
|0150|800008057|ANTONIA KLAUDENIA V.TORRES|1058||00407520384||2305803||R Coronel Liberalino|1220|AV.VER.FCO DAS CHAGA|Centro|
|0190|UN|unidad|
|0190|PC|pacote|
|0190|UD|unidade|
|0190|PEC|pecote|
|0190|JG|jogo|
|0190|KG|UNIDADE|
|0200|030053|REF.BRASTEMP F.FREE 420L BRM42 BR|||UN|00||||||
|0200|030130|REF.BRASTEMP F.FREE 352L BRM39 INOX|||UN|00||||||
|0220|PC|1,000|
|0200|030133|REF.BRASTEMP F.FREE 352L BRM39 BR|||UN|00||||||
|0220|PC|1,000|
|0200|030250|SEC.BRASTEMP/PISO ROTAT.BSX10A PRATA|||UN|00||||||
|0220|PC|1,000|
|0200|030253|SEC.BRASTEMP/PISO ROTAT.BSR10A BR|||UN|00||||||
|0220|PC|1,000|
|0200|030333|LAVAROUPA BRASTEMP 11KG BWL11 INOX|||UN|00||||||
|0200|030353|LAVASECA BRASTEMP 7kg/4Kg BWS24 PRATA|||UN|00||||||
|0200|030363|LAVAROUPA BRASTEMP 8KG BWB08A|||UN|00||||||
|0200|030373|LAVAROUPA TOTAL BRASTEMP 9KG BWL09A|||UN|00||||||
|0200|030383|LAVAROUPA BRASTEMP 11Kg BWL11 BR|||UN|00||||||
|0220|PC|1,000|
|0200|030433|FOGAO BRASTEMP CLEAN 4B BFO50BB BR|||UN|00||||||
|0200|030443|FOGAO BRASTEMP CLEAN 6B BFO76BB BR|||UN|00||||||
|0220|PC|1,000|
|0200|030450|FOGAO BRASTEMP CLEAN 4B BFO50 INOX|||UN|00||||||
|0220|PC|1,000|
|0200|030460|FOGAO BRASTEMP CLEAN 6B BFO76 INOX|||UN|00||||||
|0200|030473|AR SPLIT BRASTEMP 9000BTU BBV09/BBY09|||UN|00||||||
|0200|030523|DEPURADOR BRASTEMP DE VILLE 4B BAA60|||UN|00||||||
|0200|030533|DEPURADOR BRASTEMP DE VILLE 6B BAA80|||UN|00||||||
|0200|030543|DEPUR.BRASTEMP QUALITY 4B XAT60 INOX|||UN|00||||||
|0200|030553|DEPUR.BRASTEMP QUALITY 6B XAT80 INOX|||UN|00||||||
|0200|030910|COOKTOP BRASTEMP 5B GAS VIDRO BDD76|||UN|00||||||
|0200|030940|FRIGO.BRASTEMP PORT/VIDRO 80L BZA08|||UN|00||||||
|0220|PC|1,000|
|0200|030960|ADEGA BRASTEMP 12GARRFAS BZC12 PRETA|||UN|00||||||
|0200|030970|FRIGOBAR BRASTEMP 120L BRC12X INOX|||UN|00||||||
|0220|PC|1,000|
|0200|031073|FOG.BRAST.ATIVE EMB.5B TIME BY776 BR|||UN|00||||||
|0200|031240|ASPIRADOR PO BRASTEMP CLEAN B7B14A|||UN|00||||||
|0220|PC|1,000|
|0200|040013|REF.CONSUL F.FREE 360L CRB36 BR|||UN|00||||||
|0220|PC|1,000|
|0200|040133|FRIGOBAR CONSUL 120L CRC12A BR|||UN|00||||||
|0220|PC|1,000|
|0200|040173|FREEZER CONSUL 200L CVU20D BR|||UN|00||||||
|0200|040183|FREEZER CONSUL 100LTS CVT10B BRANCO|||UN|00||||||
|0200|040213|REF.CONSUL F.FREE 330L CRM33A BR|||UN|00||||||
|0220|PC|1,000|
|0200|040223|REF.CONSUL F.FREE 370L CRM37 BR|||UN|00||||||
|0200|040250|AR COND.CONSUL 7500 CCN07 C/CONT.|||UN|00||||||
|0200|040280|AR COND.CONSUL 12000 CCY12A C/CONTROLE|||UN|00||||||
|0200|040290|AR COND.CONSUL 10000 CCN10 C/CONT.|||UN|00||||||
|0200|040340|AR CONDICIONADO CONSUL 18000 CCI18C|||UN|00||||||
|0200|040383|FOG.CONSUL FACILITE 4B CF550 INOX|||UN|00||||||
|0200|040393|FOG.CONSUL FACILITE 6B CF576 INOX|||UN|00||||||
|0200|040423|LAVAROUPA CONSUL 7KG CWI07 BR|||UN|00||||||
|0200|040430|DEPURADOR CONSUL 4B CAT60 INOX|||UN|00||||||
|0200|040440|DEPURADOR CONSUL 6B CAT80 INOX|||UN|00||||||
|0200|040520|AR SPLIT CONSUL 12000BTU CBV12/CBY12|||UN|00||||||
|0200|040550|ASPIRADOR PO CONSUL LEVE C7P13B|||UN|00||||||
|0220|PC|1,000|
|0200|070410|TV CCE 14" C/CONTROLE HPS-1497|||UN|00||||||
|0200|070420|TV CCE 14" TELA PLANA TV-1418|||UN|00||||||
|0200|090220|CENTRIFUGA NKS TSK445 BRANCA|||UN|00||||||
|0200|090240|GRILL/SANDUICHEIRA NKS I-15 PRETA/IN|||UN|00||||||
|0200|100030|FOGAO ESMALTEC SAMOA 4B INOX 4013|||UN|00||||||
|0200|100160|GELAGUA ESMALTEC EGC35B INOX PR|||UN|00||||||
|0220|UD|1,000|
|0200|100200|GELAGUA COLUNA ESMALTEC EGC35B|||UN|00||||||
|0220|UD|1,000|
|0200|100210|GELAGUA MESA ESMALTEC EGM30 BR|||UN|00||||||
|0220|UD|1,000|
|0200|101420|PRATO CARINE SOBREM.LUMINARC D2366|||UN|00||||||
|0200|101510|PRATO CARINE RASO LUMINARC D2373/67|||UN|00||||||
|0200|120020|LIQUIDIFICADOR C/FILTRO MONDIAL L-51|||UN|00||||||
|0200|120080|VENTILADOR COLUNA 40CM MONDIAL V-61|||UN|00||||||
|0200|120090|VENTILADOR 30CM MONDIAL NV-31|||UN|00||||||
|0200|150040|VENTILADOR MALLORY BOREAL 30CM|||UN|00||||||
|0200|150070|SANDUICHEIRA MALLORY GRILLMAX|||UN|00||||||
|0200|180203|F.MIC.PANASONIC FAMILY 35L NN-ST669|||UN|00||||||
|0200|180260|F.MI.PANASONIC PICCOLO NN-ST359 PRATA|||UN|00||||||
|0200|180280|TEL.S/FIO PANASONIC KXTG1371(1,9GHz)|||UN|00||||||
|0200|180290|TELEF.BINA PANASONIC KXTG1381(1,9GHZ)|||UN|00||||||
|0200|180420|MINI SYSTEM PANASONIC SC-AKX52LB|||UN|00||||||
|0200|180590|TEL.RAMAL/BINA PANASONIC KX-TG6512|||UN|00||||||
|0200|180700|TV PANASONIC PLASMA 5O" 3D TC-P50UT50B|||UN|00||||||
|0200|180770|TV PANASONIC LCD DTV 32" TC-L32C30B|||UN|00||||||
|0220|PEC|1,000|
|0200|180790|TV PANASONIC LCD 42" TC-L42U30B|||UN|00||||||
|0220|PEC|1,000|
|0200|180860|LIXADOR/PEDICURE PANASONIC ES2502|||UN|00||||||
|0200|180920|SUPORTE P/TV LCD 17"A 60" FIXO|||UN|00||||||
|0200|180930|SUPORTE P/TV LCD 26"A 32" ARTICULADO|||UN|00||||||
|0200|220143|LAVAROUPA ELECTROLUX 6KG LTE06|||UN|00||||||
|0200|220223|REF.ELECTROLUX DISPENSER RW34 BR|||UN|00||||||
|0200|220283|F.ELECTROLUX F.FREE 236L FFE24 BR|||UN|00||||||
|0200|220370|FOG.ELECTROLUX 2xFORNO 4B INOX 56DTX|||UN|00||||||
|0200|290060|FORNO ELETRICO SUGGAR 23L FE2322 INOX|||UN|00||||||
|0200|290190|SANDUICHEIRA SUGGAR SD-2022|||UN|00||||||
|0200|290220|LIQUID.SUGGAR LIQMAX LQ2222|||UN|00||||||
|0200|290230|GRILL COOK PRESS SUGGAR GR2042|||UN|00||||||
|0200|290260|JARRA ELETRICA SUGGAR JR1002|||UN|00||||||
|0200|290290|PANELA ELETRICA SUGGAR PE1022|||UN|00||||||
|0200|290300|CAFETEIRA SUGGAR 20XIC.INOX CF2022|||UN|00||||||
|0200|330050|FERRO WALITA AUTOMATICO RI133|||UN|00||||||
|0200|330090|BATEDEIRA WALITA RI7110|||UN|00||||||
|0200|330150|LIQUID. WALITA ALUMINIO RI2094|||UN|00||||||
|0200|330210|LIQUID. WALITA 2V RI2008|||UN|00||||||
|0200|330250|SANDUIC.WALITA GRILL 2386 PANINI|||UN|00||||||
|0200|502030|SACA ROLHA EMBORRACHADO MIMO AC9188|||UN|00||||||
|0200|502181|BANDEJA RETANG.INOX PQ.MIMO BJ1102|||UN|00||||||
|0200|502201|BAND./ALCA OVAL INOX GR MIMO BJ1106|||UN|00||||||
|0200|650200|PROTETOR P/GARRAFAO AQUAXIQUE|||UN|00||||||
|0200|700590|AFIADOR FACAS HUDSON FK42181|||UN|00||||||
|0200|700650|RODO/PIA TRANSP.HUDSON ID22200|||UN|00||||||
|0200|701450|PORTA SACO HUDSON JO-05029|||UN|00||||||
|0200|701750|LUVA P/LIMPEZA/MICROF.HUDSON EVFWMM|||UN|00||||||
|0200|812960|RALADOR QUEIJO BONECA EDF.RAL|||UN|00||||||
|0200|840970|PRATO GITATORIO 40CM BENC.74106|||UN|00||||||
|0200|890390|FAQUEIRO/EST.101PCS TRAMOT.66932/865|||UN|00||||||
|0200|900840|MOEDOR PIMENTA E SAL ACRI.FULL.15407|||UN|00||||||
|0200|910781|JG.6TACAS CLAUDIA V.TINTO RICAELLE|||UN|00||||||
|0200|910782|JG.6TACAS CLAUDIA V.BRANCO RICAELLE|||UN|00||||||
|0200|910784|JG.6TACAS CLAUDIA LICOR RICAELLE|||UN|00||||||
|0200|940390|CAPA P/MAQUINA DE LAVAR KOUNTRY|||UN|00||||||
|0200|950010|FOGAO GAS PORTATIL CHEFS YOI PRETO|||UN|00||||||
|0200|950310|CHURRASQ.ELET.FISCHER GRILL 4513|||UN|00||||||
|0200|950370|COIFA PARED FISCHER TALENT 90cm.5456|||UN|00||||||
|0200|950490|FORNO ELETRICO FISCHER 44L INOX 9982|||UN|00||||||
|0200|040123|FRIGOBAR CONSUL 80L CRC08A BR|||UN|00||||||
|0220|PC|1,000|
|0200|040570|ASPIRADOR PO CONSUL FACILITE C7P14A|||UN|00||||||
|0200|100220|GELAGUA MESA ESMALTEC EGM30 ESTILO|||UN|00||||||
|0220|UD|1,000|
|0200|103300|ESPATULA INOX J.F.C|||UN|00||||||
|0200|103320|ESPUMADEIRA INOX J.F.C|||UN|00||||||
|0200|180380|MINI SYSTEM PANASONIC SC-AKX80|||UN|00||||||
|0200|502200|BAND./ALCA OVAL INOX PQ MIMO BJ1105|||UN|00||||||
|0200|702150|CLIPS/ARAME COLOR.HUDSON 12UN PR6012|||UN|00||||||
|0200|702160|REMOVEDOR ODOR HUDSON PR6700|||UN|00||||||
|0200|900980|PORTA DETERG./ESPONJA FULL 14564|||UN|00||||||
|0200|950120|JG.AMERICANO 4PCS YOI AHG479|||UN|00||||||
|0200|030093|FREEZER BRASTEMP F.F 280L BVR28 BR|||UN|00||||||
|0220|PC|1,000|
|0200|030123|REF.BRASTEMP INVERSE 422L BRE50 INOX|||UN|00||||||
|0200|031120|COIFA BRASTEMP BAI60 INOX|||UN|00||||||
|0200|031160|FOG.BRAST.ATIVE 5B TIMER BF776 INOX|||UN|00||||||
|0200|031190|FOG.BRASTEMP.ATIVE 4B GRILL BF850 BR|||UN|00||||||
|0200|040203|REF.CONSUL F.FREE 330 CRM33 INOX|||UN|00||||||
|0200|120130|ESPREMEDOR PREMIUM MONDIAL E-02|||UN|00||||||
|0200|180910|REF.PANASONIC INVERTER 512L NRD512YZ|||UN|00||||||
|0220|PEC|1,000|
|0200|220133|LAVAROUPA ELECTROLUX 15KG LA15F|||UN|00||||||
|0200|330030|LIQ.WALITA 3V FILTRO/ESPATULA RI2034|||UN|00||||||
|0200|500380|CAFETEIRA INOX P/4 XIC.MIMO AFA04|||UN|00||||||
|0200|700740|JG 5CLIPS P/SACO HUDSON EVPCMULTI|||UN|00||||||
|0200|702180|ESCORREDOR/PRATO/DOB.HUDSON PRCDD100|||UN|00||||||
|0200|810880|PEG.P/SALADA 28CM EDF.GL194|||UN|00||||||
|0200|813550|GARRAFA TERMICA 1L COLOR EDFORT GAF|||UN|00||||||
|0200|890550|JG.PANELAS TRAMONT.5PCS 65650700|||UN|00||||||
|0200|200360|DVD PHILIPS KARAOKE/MIC.DVP-3350KMX|||UN|00||||||
|0200|031030|FOG.BRASTEMP ATIVE EMB.4B INOX BY750|||UN|00||||||
|0200|040143|REF.CONSUL DEGELO SECO 300L CRA30 BR|||UN|00||||||
|0200|050840|DEP.BOSCH PROFESSIONAL 6B DHB845 INOX|||UN|00||||||
|0200|090280|FORNO ELETRICO NKS DKS-690|||UN|00||||||
|0200|840620|PRATO GIRAT.35CM BENC.740|||UN|00||||||
|0200|840980|PRATO GITATORIO 45CM BENC.74107|||UN|00||||||
|0200|940400|PORTA ROUPAS PVC/TRANSP.JAQUES 559|||UN|00||||||
|0200|180390|DVD HOME THEATER PANASONIC SC-PT580LB|||UN|00||||||
|0200|530470|FRUTEIRA 3PES ROGEMAC 1384|||UN|00||||||
|0200|031200|FOG.BRASTEMP 5B GOUR.EMB.BY976 INOX|||UN|00||||||
|0200|160120|PANELA ELET.P/ARROZ OSTER 6028|||UN|00||||||
|0200|500340|PENEIRA INOX 10CM MIMO AP10|||UN|00||||||
|0200|501110|FAQUEIRO 72PCS MIMO MAL.AT72A/AT1072A|||UN|00||||||
|0200|502202|BAND.REDONDA/ALCA INOX MIMO BJ1107|||UN|00||||||
|0200|901130|6TACAS SORVETE.JULIA FULL 55604|||UN|00||||||
|0200|901610|SOUPLAT INOX 33CM FULL 12658|||UN|00||||||
|0200|950300|CHURRASQ.ELET.FISCHER SWIFT 4665|||UN|00||||||
|0200|900121|CANECA INOX P/VIAGEM FULL 13921|||UN|00||||||
|0200|903070|PA P/GELO FULL 13574|||UN|00||||||
|0200|050543|FOGAO CONT.PERFETTO 4B FSF12 BR|||UN|00||||||
|0200|120040|MINI PROCESSADOR MONDIAL MP-01|||UN|00||||||
|0200|120050|GRILL PREMIUM MONDIAL G-01|||UN|00||||||
|0200|180253|F.MIC.PANASONIC PERFECT NN-ST568|||UN|00||||||
|0200|220403|FOGAO ELECTROLUX 5B 76STX INOX|||UN|00||||||
|0200|290180|FERRO SECO SUGGAR FR-3522|||UN|00||||||
|0200|330020|LIQUIDIFICADOR WALITA 3V RI2035/00|||UN|00||||||
|0200|330240|ESPREMEDOR|||UN|00||||||
|0200|531310|RELOGIO PAREDE 17,5CM ROG.9826|||UN|00||||||
|0200|701420|MINI LIMPADOR HUDSON EV-FGR-M|||UN|00||||||
|0200|701610|CABIDE METAL/CINTO HUDSON RI66955|||UN|00||||||
|0200|710270|ESCORREDOR 16PRATOS MAKINOX COLOR|||UN|00||||||
|0200|760061|FRUTEIRA C/PE BRILHANTE 06/393/27|||UN|00||||||
|0200|812010|LUVAS/SILICONE EDFORT GL234|||UN|00||||||
|0200|813030|PETISQUEIRA 21CM EDFORT HP002|||UN|00||||||
|0200|850050|CHAPA DUPLA FACE 280X230 FUMIL|||UN|00||||||
|0200|902270|FRIG.WOK TP/VIDRO 32CM FULL 13892|||UN|00||||||
|0220|PC|1,000|
|0200|060210|BIC.ERGOMETRICA CALOI CLASSIC CLB10|||UN|00||||||
|0200|030293|LAVALOUCA BRASTEMP 8SERV.BLE20 BR|||UN|00||||||
|0200|050553|FOGAO CONT. PERFETTO 6B FSK12 BR|||UN|00||||||
|0200|050683|REFRIG. CONTINENTAL 270L RC27 BR|||UN|00||||||
|0200|050983|REF.BOSCH F.FREE 403L KDN43A BR|||UN|00||||||
|0200|051070|COOKTOP BOSCH 2B VITROCERAMIC PKC345|||UN|00||||||
|0200|051220|FOG.BOSCH STYLE GRILL 4B HSF43I INOX|||UN|00||||||
|0200|090010|FORNO ELETRICO NKS DKS-650C|||UN|00||||||
|0200|100013|FOGAO ESMALTEC CARIBE 4B BR|||UN|00||||||
|0200|180900|BARBEADOR PANASONIC ES7101/ESRT31|||UN|00||||||
|0200|700790|POTE RET.C/3DIV.1L HUDSON KX71511|||UN|00||||||
|0200|902650|ESCOVA/BANHEIRO/SUP.PAPEL FULL 13015|||UN|00||||||
|0200|500390|CAFETEIRA INOX P/6 XIC.MIMO AFA06|||UN|00||||||
|0200|701110|ABRIDOR 3X1 HUDSON EV31CS|||UN|00||||||
|0200|810520|ESPREMEDOR ALHO EDFORT GL120|||UN|00||||||
|0200|902430|RECHAUD RETAG.3L INOX FULL 13071|||UN|00||||||
|0200|040453|LAVAROUPA CONSUL 6KG CWI06 BR|||UN|00||||||
|0220|PC|1,000|
|0200|050993|REF.BOSCH SIDE BY SIDE KAN60 INOX|||UN|00||||||
|0200|200110|TV PHILIPS 29"T.PLANA SLIN 29PT9467|||UN|00||||||
|0200|220120|AR COND ELECTROLUX 10000 EAE10F/CONTROLE|||UN|00||||||
|0200|680660|SALADEIRA PANDORA 360 SOYUS|||UN|00||||||
|0200|700270|TELA P/ALIMENTOS HUDSON FK44480|||UN|00||||||
|0200|701210|DESENTUPIDOR PIA HUDSON FQ10000|||UN|00||||||
|0200|701260|POTE QUADRADO 5,2L HUDSON KX71526|||UN|00||||||
|0200|950090|BUTANO IWATANI 250GR YOI|||UN|00||||||
|0200|950212|CONJ.4TABUAS P/CORTE YOI|||UN|00||||||
|0200|150420|VENTILADOR MALLORY ZEFIRO 40CM|||UN|00||||||
|0200|910790|JG.30 TACAS FOR YOUR RICAELLE FH030|||UN|00||||||
|0200|910670|PRATO P/BOLO KING 33CM RICAELLE DL13P|||UN|00||||||
|0200|180550|DVD HOME THEATER PANASONIC SC-PT75LB|||UN|00||||||
|0200|880120|FRIGID.WOK 34 C/CABO MULTIF.45134|||UN|00||||||
|0200|980220|POTE RED.FREE/MIC PLASVALE 1,75L R443|||UN|00||||||
|0200|700760|POTE RETANG. 2,4L HUDSON KX71505|||UN|00||||||
|0200|902950|POTE VIDRO/TP MAD.22,5CM FULL 46108|||UN|00||||||
|0200|701250|POTE QUADRADO 3,1L HUDSON KX71523|||UN|00||||||
|0200|900241|LUVA DE SILICONE FULL 11615|||UN|00||||||
|0200|200390|DISC PLAYER PHILIPS BLUR-RAY BDP3100X|||UN|00||||||
|0200|813660|CAIXA DECORATIVA EDFORT MEDIA SH23|||UN|00||||||
|0200|901541|TABUA/FACA/VID/QUEIJO 30C FULL 16648|||UN|00||||||
|0200|901701|DISPENSER P/DETERG.ESPON.FULL 1627|||UN|00||||||
|0200|901712|DESCASCADOR ABACAXI FULL 21044|||UN|00||||||
|0200|910960|PORTA GELO 15CM RICAELLE 9713/150|||UN|00||||||
|0200|500083|JG.4TACAS SILVER CHAMPANHE MIMO TCS02|||UN|00||||||
|0200|270010|TV SANSUNG 20" LCD/MONITOR 2033M|||UN|00||||||
|0200|030143|FREEZER BRASTEMP 240L BVG24G BR|||UN|00||||||
|0200|030830|FREEZER BRASTEMP F.F 280L BVR28 INOX|||UN|00||||||
|0200|030850|REF.BRASTEMP ALL 360L BRF36 INOX|||UN|00||||||
|0200|031110|F.MIC.BRASTEMP KING SIZE 38L BMX40 INOX|||UN|00||||||
|0200|031180|FOG.BRASTEMP 5B GOURMAND BF976 INOX|||UN|00||||||
|0200|040360|CLIMATIZADOR CONSUL PORTATIL CIF06AB|||UN|00||||||
|0200|040530|AR SPLIT CONSUL 9000BTU CBV09/CBY09|||UN|00||||||
|0200|040540|AR SPLIT CONSUL 18000BTU CBV18/CBY18|||UN|00||||||
|0200|070430|TV CCE 21" TELA PLANA TV2118|||UN|00||||||
|0200|103110|KIT.RODO,BALDE,REFIL,ROTECSUL|||UN|00||||||
|0200|180190|F.MIC.PANASONIC FLAT PANAG.NNGF580 PR|||UN|00||||||
|0200|180940|SUPORTE P/TV LCD 37"A 42" ARTICULADO|||UN|00||||||
|0200|200370|MICRO SYSTEM PHILIPS MCM-166X/78|||UN|00||||||
|0200|250520|ADEGA GE P/23 GARRAFAS AVGEP23|||UN|00||||||
|0200|290033|DEPURADOR SUGGAR SIRIUS 4B DS62 BR|||UN|00||||||
|0200|290053|DEPURADOR SUGGAR SIRIUS 6B DS82 BR|||UN|00||||||
|0200|290200|PASSADEIRA SUGGAR/VAPOR PV4261|||UN|00||||||
|0200|290210|PASSADEIRA SUGGAR/VAPOR/PROF.PV6282|||UN|00||||||
|0200|290250|BATEDEIRA BATPLUS SUGGAR BT9022 INOX|||UN|00||||||
|0200|500160|CAFETEIRA ALUM.P/3 XIC.MIMO AF03|||UN|00||||||
|0200|701070|SUP. P/COZ.OVO POCHE HUDSON MS50560|||UN|00||||||
|0200|900031|JARRA ECOL HAND 1500ML FULL 56164|||UN|00||||||
|0200|900913|PORTA RETRATO ZAMAC 13X18 FULL 17011|||UN|00||||||
|0200|902171|JG.JANTAR PORC.42PCS RAIN FUL.15416|||UN|00||||||
|0200|902511|JG.6TACAS SOBREMESA VEGA FULL 56589|||UN|00||||||
|0200|902740|JG.6GARFOS/PETISCO SORT.FULL 1415|||UN|00||||||
|0200|902920|SALADEIRA C/2TALHERES FULL 14565|||UN|00||||||
|0200|950330|COIFA ISLAND FISCHER 5455|||UN|00||||||
|0200|970410|BOMBONIERE VIDRO CONTHEY 134406|||UN|00||||||
|0200|500082|JG.4TACAS SILVER P/AGUA MIMO TCS02|||UN|00||||||
|0200|500550|PA PARA BOLO MIMO ASA15|||UN|00||||||
|0200|031020|FOG.BRASTEMP ATIVE MAX.4B INOX BF760AR|||UN|00||||||
|0200|031150|FOG.BRASTEMP ATIVE 5B GRILL BF876 BR|||UN|00||||||
|0200|120170|KIT COZINHA COMPLETA MONDIAL KT06|||UN|00||||||
|0200|290270|FERRO MADRI SUGGAR S/FIO FR4022|||UN|00||||||
|0200|813440|MEDIDOR 600ML EDFORT GL321|||UN|00||||||
|0200|950231|JG.PANELAS VM ASD 4PCS YOI 9531|||UN|00||||||
|0200|500411|BATEDOR DE OVO SILICONE MIMO SN914|||UN|00||||||
|0200|500610|FACA 23CM MIMO ASA39|||UN|00||||||
|0200|700953|COLHER ANIMAL SORTI. HUDSON MS-58900|||UN|00||||||
|0200|900750|SALADEIRA/MOLHEIRA FULL 17347|||UN|00||||||
|0200|902250|FRIG.28CM CABO/SILICONE FULL 14888|||UN|00||||||
|0200|500130|JG 2PCS AZEITE/VINAGRE MIMO VD41|||UN|00||||||
|0200|900034|JG.6COPOS AUBERGE 100ML FULL 56324|||UN|00||||||
|0200|902580|COOLER P/LATINHA FULL 15789 PRETO|||UN|00||||||
|0200|031140|F.MIC./ELET.BRASTEMP 31L BMD35 ALUM.|||UN|00||||||
|0220|PC|1,000|
|0200|290170|MAQUINA/GELO SUGGAR MG-1022 PRATA|||UN|00||||||
|0200|290280|GRILL PETISCO SUGGAR GR3032|||UN|00||||||
|0200|890560|BAIXELA TRAMONT.COSMOS 7PCS 64310080|||UN|00||||||
|0200|700880|CLIPS P/SACO HUDSON PR6014|||UN|00||||||
|0200|051210|FOG.BOSCH STYLE GRILL 5B HSK44I INOX|||UN|00||||||
|0200|701590|PORTA SAPATOS/CABIDE HUDSON RI2546W|||UN|00||||||
|0200|900950|JG.3COLHERES COCKTAIL FULL 12830|||UN|00||||||
|0200|050620|FOGAO CONT.G.PRIX 5B FSK14I INOX|||UN|00||||||
|0200|680310|TACA TROPICAL GIGANTE SOYUS|||UN|00||||||
|0200|902870|DISPENSER P/CEREAIS FULL 12835|||UN|00||||||
|0200|840480|BANDEJA VIDRO/MAD.BENC.74050|||UN|00||||||
|0200|950151|JG.CHURRASCO/BOLSA 4PCS YOI|||UN|00||||||
|0200|902450|RECHAUD P/SOPA 4L FULL 13342|||UN|00||||||
|0220|PC|1,000|
|0200|902960|POTE VIDRO/TP MAD.9,7CM FULL 46124|||UN|00||||||
|0200|902970|POTE VIDRO/TP MAD.16CM FULL 46125|||UN|00||||||
|0200|101410|JARRA ROC 1,8L LUMINARC 62795|||UN|00||||||
|0200|900282|FATIADOR QUEIJO/MANTEIGA FULL.15044|||UN|00||||||
|0200|902200|JG.XIC/CAFE/CX/PRESENTE FULL 12PCS|||UN|00||||||
|0200|103080|COBERTA P/COMPOTEIRA GRANDE|||UN|00||||||
|0200|970120|JG.JANTAR 20PCS 2FILETES D1442 CONTHEY|||UN|00||||||
|0200|970380|CENTRIFUGA/SALADA CONTHEY 123397|||UN|00||||||
|0200|970560|BANDEJA DE BAMBU CONTHEY D1458|||UN|00||||||
|0200|290320|CHURRASQUEIRA GAS SUGGAR CH3001|||UN|00||||||
|0200|900191|JG.P/QUEIJO MADEIRA 4PCS FULL 12588|||UN|00||||||
|0200|900261|COLHER P/SORVETE 23CM FULL 12986|||UN|00||||||
|0200|220590|SPLIT ELECTROLUX 9000BTU PE09F/PI09F|||UN|00||||||
|0200|900924|P/RETRATO FRIEN.MDF 10X15 FULL 17080|||UN|00||||||
|0200|900032|VASO CRIST.ECOL 28CM GOND.FULL 56539|||UN|00||||||
|0200|900033|VASO CRIST.ECOL 33CM YOKO FULL 56590|||UN|00||||||
|0200|902281|CACAROLA PORC.C/TP BR PEQ.FULL 16192|||UN|00||||||
|0200|902282|CACAROLA PORC.C/TP BR MED.FULL 16193|||UN|00||||||
|0200|030393|LAVAROUPA BRASTEMP ATIVE MJ 9K BWT09|||UN|00||||||
|0200|104030|COPO P/SUCO KABALLA SORTIDOS 10220|||UN|00||||||
|0200|500171|CHALEIRA COLORIDA MIMO AJ101|||UN|00||||||
|0200|501300|RALADOR MIMO ASA16|||UN|00||||||
|0200|810891|PEG.UNIVERSAL 20,5CM EDFORT. GL203|||UN|00||||||
|0200|890360|FAQUEIRO LAGUNA 42PCS TRAMOT.66906/774|||UN|00||||||
|0200|890370|FAQUEIRO LAGUNA 76PCS TRAMOT.66906/30|||UN|00||||||
|0200|950360|COOKTOP VIDRO 4B FISCHER PR 1519-5713|||UN|00||||||
|0200|950460|COIFA PARED FISCHER TALENT 60cm.9347|||UN|00||||||
|0200|501130|CONCHA MIMO ASA1|||UN|00||||||
|0200|890350|CUSCUZEIRA INOX TRAMOTINA 65650|||UN|00||||||
|0200|031260|F.MIC.BRASTEMP OVEN GRIL 30L BMT45 INOX|||UN|00||||||
|0220|PC|1,000|
|0200|031263|F.MIC.BRASTEMP OVEN GRIL 30L BMF45 BR|||UN|00||||||
|0220|PC|1,000|
|0200|500170|CHALEIRA INOX MIMO AJ10129|||UN|00||||||
|0200|500510|RALADOR PARA MESA 9" MIMO ASA09|||UN|00||||||
|0200|680930|PRATO P/BOLO VERONA SOYUS|||UN|00||||||
|0200|910200|SUPORTE P/PRATO GR.RICAELLE SG|||UN|00||||||
|0200|105105|PORTA FRIOS 3PCS GUINDER 7211|||UN|00||||||
|0200|220100|AR COND ELECTROLUX 7500 EC07F|||UN|00||||||
|0200|813560|GARRAFA TERMICA 1L EDFORT GAF12/14|||UN|00||||||
|0200|890500|JG. P/SERVIR OVAL 3PCS 64510184|||UN|00||||||
|0200|106130|BANDEJA DE CAMA BEHLING BC12|||UN|00||||||
|0200|500090|JG.UTENCIL.C/07PCS(GIRAT.)MIMO AS7|||UN|00||||||
|0200|500310|ESCORREDOR MULTIUSO INOX 21CM MIMO|||UN|00||||||
|0200|501190|JG.12GARFO/MESA MIMO AT10|||UN|00||||||
|0200|501790|CESTO QUADR.ALCA OVAL MIMO YK9129 GR.|||UN|00||||||
|0200|890450|LIXEIRA C/PEDAL 12L INOX TRAM.94538/12|||UN|00||||||
|0200|520440|BALDE GELO VINO CURVA ALIMP.B32514|||UN|00||||||
|0200|120030|MINIFORNO MONDIAL FR-02|||UN|00||||||
|0200|501791|CESTO QUADR.ALCA OVAL MIMO YK9128 MED.|||UN|00||||||
|0200|680420|SALADEIRA TAILANDIA CRISTAL SOYUS|||UN|00||||||
|0200|940350|KIT CAIPIRINHA PLAST SHOW|||UN|00||||||
|0200|890320|CACAROLA FUNDA INOX TRAM. 62654|||UN|00||||||
|0200|901000|JG.BANHEIRO 3PCS FULL PRETO/BR 15201|||UN|00||||||
|0200|030083|REF.BRASTEMP F.FREE 490L BRM49 INOX|||UN|00||||||
|0200|105080|FRUTEIRA INOX 3 NIVEIS GUINDER 7297|||UN|00||||||
|0200|700433|PORTA BANANA HUDSON FK-42077|||UN|00||||||
|0200|702080|POTE RETANG.HUDSON 1,1L KX71504|||UN|00||||||
|0200|660263|JG.4FACAS P/PATE M.SHOP 60005|||UN|00||||||
|0200|970710|BANDEJA RETANG. PQ.CONTHEY D146905|||UN|00||||||
|0200|103030|TOALHA LAVABO BORDADA DECORADA|||UN|00||||||
|0200|890081|BANDEJA RETANGULAR TRAMONTINA 61529|||UN|00||||||
|0200|500191|CENTRIFUGA P/SALADA GR MIMO SF10115|||UN|00||||||
|0200|105090|JG.FONDUE 23PCS GUINDER 7836|||UN|00||||||
|0200|105300|FAQUEIRO INOX 24PCS GUINDER 24|||UN|00||||||
|0200|030100|REF.BRASTEMP F.FREE 429L BRM50 INOX|||UN|00||||||
|0220|PC|1,000|
|0200|030103|REF.BRASTEMP F.FREE 429L BRM50 BR|||UN|00||||||
|0200|101494|PUREBOX POTE QUAD. LUMIN. G3182|||UN|00||||||
|0200|180970|REF.PANASONIC INVERTER 473L NRB461YZ|||UN|00||||||
|0200|290340|MIXER SUGGAR MX2022|||UN|00||||||
|0200|330010|LIQUID.WALITA 3V FILTRO PP RI2035/10|||UN|00||||||
|0200|330130|PROCESSADOR COMPACTO WALITA RI7620|||UN|00||||||
|0200|810422|JG.FORMA PORC.CORACAO EDF.VM US020|||UN|00||||||
|0200|813360|BALDE P/PIPOCA PLAST.EDF.MEDIO SX96|||UN|00||||||
|0200|840431|JG.FONDUE 7PCS 980ML BR BENC.40092|||UN|00||||||
|0200|840432|JG.FONDUE 300ML BR BENC.40086|||UN|00||||||
|0200|901930|TABUA/VIDRO/SORTID.20X30 FULL|||UN|00||||||
|0220|PC|1,000|
|0200|902930|LUVA FULFIT PEQ. 14776/14947 COLOR|||UN|00||||||
|0200|950440|FORNO ELET.EMB.LUMEN FISCHER 7399|||UN|00||||||
|0200|200520|DVD PHILIPS DVP-3520|||UN|00||||||
|0200|220600|SPLIT ELECTROLUX 12000BTU PE12F/PI12F|||UN|00||||||
|0200|101540|JARRA C/TAMPA TIVOLI 1,6 LUMI.G2674|||UN|00||||||
|0200|812570|TIMER DE COZINHA EDFORT GL281|||UN|00||||||
|0200|902810|COFRE/CARRINHO FULL 1546|||UN|00||||||
|0220|PC|1,000|
|0200|813371|BALDE P/PIPOCA PLAST.EDF.PEQ.SX96|||UN|00||||||
|0200|500612|FACA/FATIAR CABO COLOR MIMO ALA1083|||UN|00||||||
|0200|812040|DESCANSO/PANELAS EDFORT GL236|||UN|00||||||
|0200|902020|ALBUM CASAMENTO ACO FOSCO FULL 17264|||UN|00||||||
|0220|PC|1,000|
|0200|040470|FORNO MIC.CONSUL 25L CMY34 INOX|||UN|00||||||
|0200|811130|FACA P/PAO EDFORT GL176|||UN|00||||||
|0200|820460|COLHER MANTIM.SET/3 QUAD.DC333|||UN|00||||||
|0200|840771|BANDEJA RETANG.42X26 BENCAF.8802|||UN|00||||||
|0200|180800|CAMERA DIG.PANASONIC DMC-SILB|||UN|00||||||
|0200|680281|QUEIJEIRA BRASIL PEQUENA SOYUS|||UN|00||||||
|0200|903080|FAQ.INOX 36PCS ATENAS FULL 13797|||UN|00||||||
|0200|940370|PORTA TUDO JAQUES 398|||UN|00||||||
|0200|840990|PRATO P/BOLO C/PEDESTAL BENC.87019|||UN|00||||||
|0200|900081|VENTILADOR P/CHURRASCO FULL 13095|||UN|00||||||
|0220|PC|1,000|
|0200|903192|ESCOVA P/LAV.DECANT.TACAS FULL 16172|||UN|00||||||
|0220|PC|1,000|
|0200|101160|POTE HERMETICO 0,5L LUMI.CO526|||UN|00||||||
|0200|680280|QUEIJEIRA BRASIL GRANDE SOYUS|||UN|00||||||
|0200|760220|JG.TACAS CLAUDIA AGUA 05/060 6Pcs|||UN|00||||||
|0200|811700|ESPATULA/SILICONE EDF.GL172|||UN|00||||||
|0200|902500|JG.4FACAS/MANT.CABO OCO FULL 14838|||UN|00||||||
|0200|950141|JG.JANTAR ALLURE SILVER 20PCS YOI|||UN|00||||||
|0200|901940|TABUA/VIDRO/SORTID.30X40 FULL|||UN|00||||||
|0220|PC|1,000|
|0200|903191|ESCOVA DOBRAV.P/LAV.DECAN.FULL 16171|||UN|00||||||
|0200|813480|JG. C/2 BOWL EDFORT BAO23|||UN|00||||||
|0200|902470|SUP.SACHE/CHA FULL 15047|||UN|00||||||
|0200|902811|COFRE/PORQUINHO FULL 15462|||UN|00||||||
|0220|PC|1,000|
|0200|813570|GARRAFA TERMICA 1L EDFORT INOX GAF|||UN|00||||||
|0200|840840|TRAVESSA QUAD.C/TP VIDRO BENC.40021|||UN|00||||||
|0200|103121|ENPONJA ROTECSUL|||UN|00||||||
|0200|650290|PETISQUEIRA RETA C/4 YANGZI 8225|||UN|00||||||
|0200|521160|COPO ABBY 75ML ALIMP. MFS142|||UN|00||||||
|0200|903573|JG.30TACAS DIANA CRISTAL FULL 56514|||UN|00||||||
|0200|840541|PETISQUEIRA 4DIV. 21X21 BENC.94009|||UN|00||||||
|0200|841105|PRATO P/SERVIR 20X13CM.BENC.94006|||UN|00||||||
|0200|810392|JG.2CAIXA FIBRA SINTETICA EDF.SB009|||UN|00||||||
|0200|810571|FONDUE EDFORT RH342|||UN|00||||||
|0200|840741|MANTEGUEIRA C/ESPAT BENCAF 40125|||UN|00||||||
|0200|841094|PAINEL DECORAT.38X80X3CM BENC.|||UN|00||||||
|0200|841100|PRATO P/SERVIR 15X8CM BENC.94001|||UN|00||||||
|0200|841107|PRATO P/SERVIR 30X21CM.BENC.94008|||UN|00||||||
|0200|841108|PRATO P/SERVIR 17X17CM BENC 94012|||UN|00||||||
|0200|841109|PRATO P/SERVIR 20X20CM BENC 94013|||UN|00||||||
|0200|811580|CONCHA P/MOLHO EDF.1915-1|||UN|00||||||
|0200|200040|TV PHILIPS LCD 40" 40PFL3605|||UN|00||||||
|0200|810331|PORTA COPOS/RODA 4PCS EDF.AF26|||UN|00||||||
|0200|810562|SALADEIRA REDONDA PORC. EDF.RH333|||UN|00||||||
|0200|840081|MOEDOR VIDRO PIMEN/SAL/TP BENC.38032|||UN|00||||||
|0200|841106|PRATO P/SERVIR 25X17CM.BENC.94007|||UN|00||||||
|0200|940450|TABUA DE PASSAR HOMIE PLUS F2144|||UN|00||||||
|0200|030013|REF.BRASTEMP ALL 360L BRF36 BR|||UN|00||||||
|0220|PC|1,000|
|0200|030283|MINI LAVAROUPA BRASTEMP 1KG BWI01|||UN|00||||||
|0200|030770|FORNO ELETRICO BRASTEMP BOB61 INOX|||UN|00||||||
|0200|031283|FOG.BRAST.ATIVE GRIL EMB.5B BY876INOX|||UN|00||||||
|0220|PC|1,000|
|0200|180270|F.MIC.PANASONIC PICOLO STYLE NNST341|||UN|00||||||
|0220|PEC|1,000|
|0200|180273|F.MIC.PANASONIC PERFECT NNST571|||UN|00||||||
|0200|180750|TV PANASONIC LED 42" TC-L42E30B|||UN|00||||||
|0200|900450|JG.P/QUEIJO/TAB/VID.4PCS FUL.14837|||UN|00||||||
|0200|903180|JG.2BALDES P/PIPOCA FULL 16169|||UN|00||||||
|0200|940380|PORTA CAMISA JAQUES 399|||UN|00||||||
|0200|900491|MORINGA PORCEL. 700ML VAN FULL.171|||UN|00||||||
|0220|PC|1,000|
|0200|910740|PORTA PAO 44X26X17 RICAELLE BG1878|||UN|00||||||
|0200|890240|LIXEIRA/BASC.20L INOX TRAM.94542/20|||UN|00||||||
|0200|900431|JG.AMERICANO P/COPOS 6PCS FULL 1731|||UN|00||||||
|0220|JG|1,000|
|0200|880150|PAELLERA 34 C/ALCA MULT.45034|||UN|00||||||
|0200|880210|FRIGIDEIRA OVAL 24X36 MULTIF.45138|||UN|00||||||
|0200|903170|BALDE P/PIPOCA PLAST. FULL 16168|||UN|00||||||
|0200|900202|JG.12MARCAD.TACAS FULTEB.FULL 21062|||UN|00||||||
|0200|501160|ESPATULA VAZADA P/HAMB.MIMO ASA60|||UN|00||||||
|0200|701200|COLHER P/SORVETE HUDSON FK45981|||UN|00||||||
|0200|812170|JG.6COLHER P/CAFE EDF. FACIX|||UN|00||||||
|0200|520740|BALDE ACRILICO VINHO SQUARE B34016|||UN|00||||||
|0200|980240|POTE RED.FREE/MIC PLASVALE 0,6L R441|||UN|00||||||
|0200|050920|COIFA PAREDE BOSCH DKE635 60CM INOX|||UN|00||||||
|0200|900455|JG.P/QUEIJO&PAES 5PCS FULL.17369|||UN|00||||||
|0200|680780|PRATO P/BOLO FOLIAGE 40CM SOYUS|||UN|00||||||
|0200|900951|JG.5 MEXEDORES DRINKS FULL.15849|||UN|00||||||
|0200|903432|JG.6ESPETOS/PETISCO SILIC.FULL 16604|||UN|00||||||
|0200|900693|MURAL/FOTO PRETO 9FOTOS FULL 17287|||UN|00||||||
|0200|900432|DESCASCADOR LARANJA VACU FULL 21076|||UN|00||||||
|0200|900453|TABUA/QUEIJO BAMBU C/BOWL FULL.17191|||UN|00||||||
|0200|900456|JG P/QUEIJO&PAES 4PÇS FULL 17367|||UN|00||||||
|0200|901290|JG. 6TAÇAS CHAMPANHE FULL 46071|||UN|00||||||
|0200|520742|BALDE ACRILICO VINHO ORBIT B34015S|||UN|00||||||
|0200|100063|FOGAO ESMALTEC HAVAII 4B BR 4005|||UN|00||||||
|0220|UD|1,000|
|0200|101430|JG.6XICARA/CHA QUAD.LUMIN.D2371|||UN|00||||||
|0200|102010|RELOGIO PORTA CANETA OZ ZXH807|||UN|00||||||
|0200|220353|REFRIG.ELECTROLUX 500L DF50X INOX|||UN|00||||||
|0200|700480|DESC. P/FERRO SILIC.HUDSON EV-IOM|||UN|00||||||
|0200|701322|DESCASCADOR VEGETAIS HUDSON PR3356|||UN|00||||||
|0200|701360|JG.3COLHER/MADEIRA HUDSON PR3089|||UN|00||||||
|0200|701800|ABRIDOR MULTIUSO HUDSON JO06042|||UN|00||||||
|0200|702040|RALADOR/DIV.LAMIN.HUDSON FK48558|||UN|00||||||
|0200|710060|SUPORTE PARA LEITE MARK INOX|||UN|00||||||
|0200|030113|REF.BRASTEMP INVERSE 422L BRE50 BR|||UN|00||||||
|0220|PC|1,000|
|0200|101440|PRATO CARINE FUNDO LUMINARC PR.D2374|||UN|00||||||
|0200|160180|ABRIDOR ELETRICO P/VINHO OSTER 4207|||UN|00||||||
|0220|PC|1,000|
|0200|200420|DVD PLAYER PHILIPS DVP-3320X78|||UN|00||||||
|0200|701323|SUPORT.P/CORTAR TOMAT.HUDSON MS31667|||UN|00||||||
|0200|160170|LIQUIDIFICADOR OSTERIZER 3V.4655|||UN|00||||||
|0220|PC|1,000|
|0200|701890|ESPATULA/SILICONE HUDSON PRSSTH172|||UN|00||||||
|0200|700432|ABRIDOR MULTIUSO HUDSON EV-EASI-TAG|||UN|00||||||
|0200|701431|SACOLA P/CALCADOS HUDSON WE420401|||UN|00||||||
|0200|500520|CANECA PORCELANA MIMO CLA|||UN|00||||||
|0200|700434|ESPREMEDOR LIMAO HUDSON FK-42626|||UN|00||||||
|0200|702010|COLHER/CAFE/CLIPS HUDSON EVCC|||UN|00||||||
|0200|501120|JG.3POTES S/TAMPA AN1004 MIMO|||UN|00||||||
|0200|950133|JG.JANTAR ALLURE 20PCS YOI 78984414541|||UN|00||||||
|0200|502350|JG.XIC/CAFE HORIZ.12 PCS MIMO PH806F|||UN|00||||||
|0200|700881|CLIPS P/FECHAR RACAO HUDSON EVKCLP|||UN|00||||||
|0200|700891|PORTA TALHER PLAST.HUNDSON ID34947|||UN|00||||||
|0200|710310|CORTADOR UNIVERSAL MAK INOX|||UN|00||||||
|0200|701022|TAMPA DOSADORA 2BICOS HUDSON JO19143|||UN|00||||||
|0200|700322|DESCASCADOR VEGETAIS HUDSON.PR3054|||UN|00||||||
|0200|840450|RECHAUD RETANG.26X32 BENC.40061|||UN|00||||||
|0200|700712|GANCHO P/PORTA HUDSON ID76500|||UN|00||||||
|0200|700893|PORTA TRECO HUNDSON 1034847|||UN|00||||||
|0200|701812|POTE REDONDO 1,9L HUDSON KX71533|||UN|00||||||
|0200|701831|PANELA P/OMELETE OVO HUDSON MS50153|||UN|00||||||
|0200|300010|TV SONY 32" LCD DTV 32BX325|||UN|00||||||
|0200|060310|BICICLETA CALOI ZIG CROSS 12|||UN|00||||||
|0200|100040|FOGAO ESMALTEC SAMOA 5B INOX 5005|||UN|00||||||
|0220|UD|1,000|
|0200|101210|BOWL 27CM ASPEN LUMI.06652|||UN|00||||||
|0200|670740|SALADEIRA MELAN.TRIANGULAR 53303|||UN|00||||||
|0200|700100|BATEDOR/OVOS HUDSON MS50233|||UN|00||||||
|0200|710290|PORTA TALHERES INOX MAKINOX|||UN|00||||||
|0200|810831|BALDE P/CERVEJA REDOND.EDFORT CV1002|||UN|00||||||
|0200|810921|FORMA P/GELO DIVERSOS EDFORT GL4|||UN|00||||||
|0200|812250|TABUA P/CORTAR PEQ. EDF. GL289|||UN|00||||||
|0200|820200|DOSADOR/GARRAFA 3PCS QUAD.KDB6003|||UN|00||||||
|0200|970100|JG.JANTAR 20PCS PORCELANA CONTHEY|||UN|00||||||
|0200|500740|PRATO P/BOLO SULTANA MIMO 10287|||UN|00||||||
|0200|880250|CACAROLA 30 PROFIS.MULTIFLON 45130|||UN|00||||||
|0200|030403|FOG.BRASTEMP ATIV.TIMER EMB.4B BY750 BR|||UN|00||||||
|0200|701510|TAMPA/VINHO HUDSON MS-26245|||UN|00||||||
|0200|810922|LUVA TECIDO EDFORT TOW02|||UN|00||||||
|0200|820110|DESCASCADOR/ALHO QUADRIF.DK713|||UN|00||||||
|0200|850090|CHAPA TAPIOCA FUMIL 190X18|||UN|00||||||
|0200|900090|JG.BANHEIRO 4PCS FULL 132 BATHCARE|||UN|00||||||
|0200|970300|RECHAUD QUADRADO BRANCO CONTHEY D1246|||UN|00||||||
|0200|980310|TIGELA C/TP FACILITA 2L R.070703|||UN|00||||||
|0200|701190|RALADOR C/RECIP.HUDSON FK45431|||UN|00||||||
|0200|101361|JARRA ANFORA 1,3L LUMINARC D7478|||UN|00||||||
|0200|640520|JG.JANT.CHA/CAF.GERM.42PCS 1017|||UN|00||||||
|0200|701720|ESPATULA/OVO HUDSON MS50326|||UN|00||||||
|0200|02010|PAPEL PDCC|||KG|07||||||
|0200|903220|BALDE GELO INOX FULL 16299|||UN|00||||||
|0200|531370|JG.BANHEIRO 6PCS ROGEMAC 3554/3556|||UN|00||||||
|0200|640570|FORMA C/2DIVISOES GERMER|||UN|00||||||
|0200|701690|GANCHO/XIC.FERRO/BR HUDSON FQ50401|||UN|00||||||
|0200|810832|BALDE P/CERVEJA OVAL EDFORT CV1004|||UN|00||||||
|0200|813350|JG. BANHEIRO EDFORT 3PCS SN134|||UN|00||||||
|0200|880220|ASSADEIRA FUNDA 40 MULTIF.26040|||UN|00||||||
|0200|140030|SUPORTE GIRABEM JOIA PRETO|||UN|00||||||
|0200|700720|APOIO/PASSAR GOLA/MANGA HUDSON WE1942|||UN|00||||||
|0200|812890|JG.MARINAR C/PINCEL EDF.GAL10|||UN|00||||||
|0200|902860|BOLEADOR INOX 19CM FULL 11709|||UN|00||||||
|0200|104060|TACA VINHEDO KABALLA SORTIDOS 10270|||UN|00||||||
|0200|180230|TELEF.S/FIO PANASONIC KXTC1468(900MHz)|||UN|00||||||
|0200|520810|CJ.SOBREMESA/PLAST.ALIMP.6PCS BRDS32|||UN|00||||||
|0200|060300|BIC.CALOI MAX FEM.21V ARO 24|||UN|00||||||
|0200|701560|PESO P/TOALHA HUDSON PR-7142|||UN|00||||||
|0200|701900|CJ.2CAPAS PLASTICAS HUDSON RI428W|||UN|00||||||
|0200|970210|JG.COPOS 8PCS CONTHEY D1443|||UN|00||||||
|0200|106090|TABUA/FRIOS 2CUBUCAS MAD.BEHLING TF1|||UN|00||||||
|0200|502120|JG.XIC.CAFE WHITE 8PCS MIMO PB983|||UN|00||||||
|0200|502161|JG.XIC.CAFE ORIENT.12PCS MIMO FJ10155|||UN|00||||||
|0200|903300|CHAMPANHEIRA BARCO GR.TRANSP.FUL.17025|||UN|00||||||
|0200|980230|POTE RED.FREE/MIC PLASVALE 1L R442|||UN|00||||||
|0200|980110|TIGELA P/MIST.1,5L C/TP.030633|||UN|00||||||
|0200|812610|JG.LICOR EDFORT 7PCS TZL03|||UN|00||||||
|0200|940420|PORTA TUDO MASTER UNDER JAQUES 589|||UN|00||||||
|0200|030203|REF.BRASTEMP CLUB FF 490L BRR49 INOX|||UN|00||||||
|0200|650350|POTE VIDRO FOSCO 18CM YANGZI 4228|||UN|00||||||
|0200|880100|TORTEIRA DESMONTAVEL 28 MULTIFLON|||UN|00||||||
|0200|970340|JG.3POTES REDON.VID./TP CONTH.144264|||UN|00||||||
|0200|950131|PEGADOR DE SALADA BAMBO 2PCS YOI|||UN|00||||||
|0200|250450|LAVAROUPA GE 12KG DIG.QUENTE LVGE12|||UN|00||||||
|0200|970160|XICARA/CHA/BORBOLETA CONTHEY D1450|||UN|00||||||
|0200|970370|JG.P/BOLO SABRINA 2PCS CONTHEY D14526|||UN|00||||||
|0200|970420|JG.P/QUEIJO 4PCS CONTHEY 144308|||UN|00||||||
|0200|970440|DECANTER VIDRO 25CM CONTHEY 144449|||UN|00||||||
|0200|900070|FONDUE VIDRO/INOX FULL 16001|||UN|00||||||
|0200|910940|JARRA 1L RICAELLE 10515/1000|||UN|00||||||
|0200|910970|PRATO LABYRINTH 35CM RICAELLE 882/355|||UN|00||||||
|0200|060330|BICICLETA CALOI ZIG CROSS 16|||UN|00||||||
|0200|700241|CORTADOR PIZZA GOURMET HUDSON MS40639|||UN|00||||||
|0200|810380|BANDEJA 40CM EDF. RPL05|||UN|00||||||
|0200|901672|BANCO PLAST.BR/PRETO 39CM FULL 17387|||UN|00||||||
|0200|810610|TIGELA DEEP 28CM EDFORT DMB07|||UN|00||||||
|0200|050870|FORNO ELETRICO DIG.BOSCH INOX HBN53L|||UN|00||||||
|0200|701520|JG.7PCS P/LAGOSTA HUDSON MS79850|||UN|00||||||
|0200|850150|CAÇAROLA ALÇA MADEIRA FUMIL 6L/290|||UN|00||||||
|0200|870170|TRAVESSA CONCHA FUNDA ART.|||UN|00||||||
|0200|810551|CHALEIRA 3L EDFORT VM SO802|||UN|00||||||
|0200|900591|VASO ECOL LABIRINT 30,5CM FULL 56546|||UN|00||||||
|0200|900872|PRATO P/BOLO C/PE ORION FULL 56035|||UN|00||||||
|0200|901441|TRAVESSA PORC.BRANCA 24X14 FULL16697|||UN|00||||||
|0200|903081|FAQ.INOX ATENAS/MALA 75PCS FULL13796|||UN|00||||||
|0200|903560|P/RETRATO BR/DOUR.4FOTOS FULL 17015|||UN|00||||||
|0200|900061|JG.2FACAS P/QUEIJO FULL 16683|||UN|00||||||
|0200|900071|FONDUE GIRAT.INOX 23PCS FULL 16222|||UN|00||||||
|0200|900957|JG.6ESPETOS FONDUE PLAST.FULL.16079|||UN|00||||||
|0200|901460|PRATO ORION ECOL FULL 31CM 56034|||UN|00||||||
|0200|900122|COPO P/VIAGEM SORTIDOS FULL 17|||UN|00||||||
|0200|160200|MULTIPROCESSADOR MIXER OSTER 2619|||UN|00||||||
|0200|900253|JG.3RAMEQUINS COLOR FULL 17380|||UN|00||||||
|0200|900331|BANDEJA/VIDRO GIRAT.35CM FULL 17248|||UN|00||||||
|0200|902940|TESOURA 5LAMINAS/ERVAS FULL 15052|||UN|00||||||
|0200|900910|PORTA RETRATO ALUM.20X25 FULL 13661|||UN|00||||||
|0200|900914|P/RETRATO VID./PR/BRILHO FULL 17083|||UN|00||||||
|0200|901410|RECHAUD DUPLO BASE/MAD.FULL 14560|||UN|00||||||
|0200|901473|ESPATULA/SILICONE 26CM FULL.1615|||UN|00||||||
|0200|901861|JG DOMINO 10 CASAS FULL 13698 COLOR|||UN|00||||||
|0200|902172|JG.JANTAR 42PCS CLASSIC FULL.17192|||UN|00||||||
|0200|902401|FRIGID.MINI C/TP/FLOR/FULL 18233|||UN|00||||||
|0200|903190|ESCOVA P/LAVAR TACAS FULL 16173|||UN|00||||||
|0200|900954|JG.6 COLHERES/COQUET.SORV.FULL.16272|||UN|00||||||
|0200|900911|PORTA RETR.MAD.ALUM.20X25 FULL 13662|||UN|00||||||
|0200|900850|GALHETEIRO PLANET FULL 20198|||UN|00||||||
|0200|900053|JOGO 6 TACAS LICOR 85ML FULL 56527|||UN|00||||||
|0200|901282|CANTIL ACO INOX FULL 15812|||UN|00||||||
|0200|900063|FACA P/LEGUMES VERDE FULL 17159|||UN|00||||||
|0200|900610|BICO METAL C/TAMPA FUL.12688|||UN|00||||||
|0200|900064|FACA MULTIUSO LARANJA FULL 17160|||UN|00||||||
|0200|903563|P/RETRATO LOVE MY DOG FULL 15115|||UN|00||||||
|0200|901671|BANCO PLAST.BR/PRETO 22CM FULL 17183|||UN|00||||||
|0200|900800|JARRA/VIDRO 1500ML FULL 55834|||UN|00||||||
|0200|900740|CJ.SALADA LINEAR 32X25 FULL 13068|||UN|00||||||
|0200|900062|FACA DO CHEFE AZUL FULL 17156|||UN|00||||||
|0200|900052|JOGO 6 TAÇAS LICOR 80ML FULL TRUNPET|||UN|00||||||
|0200|900231|JG P/SUSHI BAMBU 4PÇS FULL 17187|||UN|00||||||
|0200|901411|RECHAUD REDONDO BASE/MAD FULL 14562|||UN|00||||||
|0200|900971|ACUCAREIRO/COLHER PORC/BR FULL 16202|||UN|00||||||
|0200|160190|CAFETEIRA P/CAFE EXPRESS OSTER OEMP50|||UN|00||||||
|0200|900055|JOGO 6COPOS FAVORIT 450ML FULL 46027|||UN|00||||||
|0200|903490|COOLER P/6 LONG NECK VD/AM FULL 16573|||UN|00||||||
|0200|903480|COOLER P/LATINHA VD/AM FULL 1657|||UN|00||||||
|0220|PC|1,000|
|0200|10000|MATERIAL DE USO E CONSUMO|||UN|07||||||
|0500|31072011|01|A|1|116010001|MATERIAIS DE REVENDA|
|0990|699|
|C001|0|
|C100|0|0|800006977|01|00|U|0069400||01082011|01082011|535,00|0|||535,00|9||||535,00|90,95||||||||
|C170|1|030543||1,00000|UN|337,00||0|000|1202||337,00|17,00|57,29|0||0|||||||99|337,00|0,65|||2,19|99|337,00|3,00|||10,11||
|C170|2|100160||1,00000|UN|198,00||0|000|1202||198,00|17,00|33,66|0||0|||||||99|198,00|0,65|||1,29|99|198,00|3,00|||5,94||
|C190|000|1202|17,00|535,00|535,00|90,95|0|0|0|0||
|C100|0|0|800006977|01|00|U|0069404||01082011|01082011|416,00|0|||416,00|9||||416,00|70,72||||||||
|C170|1|180270||1,00000|UN|259,00||0|000|1202||259,00|17,00|44,03|0||0|||||||99|259,00|0,65|||1,68|99|259,00|3,00|||7,77||
|C170|2|290220||1,00000|UN|79,00||0|000|1202||79,00|17,00|13,43|0||0|||||||99|79,00|0,65|||0,51|99|79,00|3,00|||2,37||
|C170|3|330050||1,00000|UN|49,00||0|000|1202||49,00|17,00|8,33|0||0|||||||99|49,00|0,65|||0,32|99|49,00|3,00|||1,47||
|C170|4|502350||1,00000|UN|29,00||0|000|1202||29,00|17,00|4,93|0||0|||||||99|29,00|0,65|||0,19|99|29,00|3,00|||0,87||
|C190|000|1202|17,00|416,00|416,00|70,72|0|0|0|0||
|C100|0|0|800006977|01|00|U|0069406||01082011|01082011|1317,00|0|||1317,00|9||||1317,00|223,89||||||||
|C170|1|040470||1,00000|UN|389,00||0|000|1202||389,00|17,00|66,13|0||0|||||||99|389,00|0,65|||2,53|99|389,00|3,00|||11,67||
|C170|2|090240||1,00000|UN|59,00||0|000|1202||59,00|17,00|10,03|0||0|||||||99|59,00|0,65|||0,38|99|59,00|3,00|||1,77||
|C170|3|290340||1,00000|UN|99,00||0|000|1202||99,00|17,00|16,83|0||0|||||||99|99,00|0,65|||0,64|99|99,00|3,00|||2,97||
|C170|4|330030||1,00000|UN|129,00||0|000|1202||129,00|17,00|21,93|0||0|||||||99|129,00|0,65|||0,84|99|129,00|3,00|||3,87||
|C170|5|500082||1,00000|UN|49,00||0|000|1202||49,00|17,00|8,33|0||0|||||||99|49,00|0,65|||0,32|99|49,00|3,00|||1,47||
|C170|6|290280||1,00000|UN|129,00||0|000|1202||129,00|17,00|21,93|0||0|||||||99|129,00|0,65|||0,84|99|129,00|3,00|||3,87||
|C170|7|840840||1,00000|UN|59,00||0|000|1202||59,00|17,00|10,03|0||0|||||||99|59,00|0,65|||0,38|99|59,00|3,00|||1,77||
|C170|8|680280||1,00000|UN|45,00||0|000|1202||45,00|17,00|7,65|0||0|||||||99|45,00|0,65|||0,29|99|45,00|3,00|||1,35||
|C170|9|910670||1,00000|UN|25,00||0|000|1202||25,00|17,00|4,25|0||0|||||||99|25,00|0,65|||0,16|99|25,00|3,00|||0,75||
|C170|10|902511||1,00000|UN|90,00||0|000|1202||90,00|17,00|15,30|0||0|||||||99|90,00|0,65|||0,59|99|90,00|3,00|||2,70||
|C170|11|901130||1,00000|UN|85,00||0|000|1202||85,00|17,00|14,45|0||0|||||||99|85,00|0,65|||0,55|99|85,00|3,00|||2,55||
|C170|12|500090||1,00000|UN|65,00||0|000|1202||65,00|17,00|11,05|0||0|||||||99|65,00|0,65|||0,42|99|65,00|3,00|||1,95||
|C170|13|500082||1,00000|UN|49,00||0|000|1202||49,00|17,00|8,33|0||0|||||||99|49,00|0,65|||0,32|99|49,00|3,00|||1,47||
|C170|14|500170||1,00000|UN|45,00||0|000|1202||45,00|17,00|7,65|0||0|||||||99|45,00|0,65|||0,29|99|45,00|3,00|||1,35||
|C190|000|1202|17,00|1317,00|1317,00|223,89|0|0|0|0||
|C100|0|0|800006977|01|00|U|0069413||02082011|02082011|259,00|0|||259,00|9||||259,00|44,03||||||||
|C170|1|180270||1,00000|UN|259,00||0|000|1202||259,00|17,00|44,03|0||0|||||||99|259,00|0,65|||1,68|99|259,00|3,00|||7,77||
|C190|000|1202|17,00|259,00|259,00|44,03|0|0|0|0||
|C100|0|0|800006977|01|00|U|0069415||02082011|02082011|49,00|0|||49,00|9||||49,00|8,33||||||||
|C170|1|500083||1,00000|UN|49,00||0|000|1202||49,00|17,00|8,33|0||0|||||||99|49,00|0,65|||0,32|99|49,00|3,00|||1,47||
|C190|000|1202|17,00|49,00|49,00|8,33|0|0|0|0||
|C100|0|0|800006977|01|00|U|0069420||03082011|03082011|69,00|0|||69,00|9||||69,00|11,73||||||||
|C170|1|760220||1,00000|UN|69,00||0|000|1202||69,00|17,00|11,73|0||0|||||||99|69,00|0,65|||0,45|99|69,00|3,00|||2,07||
|C190|000|1202|17,00|69,00|69,00|11,73|0|0|0|0||
|C100|0|0|800006977|01|00|U|0069422||03082011|03082011|438,00|0|||438,00|9||||438,00|74,46||||||||
|C170|1|180270||1,00000|UN|259,00||0|000|1202||259,00|17,00|44,03|0||0|||||||99|259,00|0,65|||1,68|99|259,00|3,00|||7,77||
|C170|2|200520||1,00000|UN|179,00||0|000|1202||179,00|17,00|30,43|0||0|||||||99|179,00|0,65|||1,16|99|179,00|3,00|||5,37||
|C190|000|1202|17,00|438,00|438,00|74,46|0|0|0|0||
|C100|0|0|800006977|01|00|U|0069424||03082011|03082011|207,00|0|||207,00|9||||207,00|35,19||||||||
|C170|1|290250||1,00000|UN|61,00||0|000|1202||61,00|17,00|10,37|0||0|||||||99|61,00|0,65|||0,40|99|61,00|3,00|||1,83||
|C170|2|290270||1,00000|UN|42,00||0|000|1202||42,00|17,00|7,14|0||0|||||||99|42,00|0,65|||0,27|99|42,00|3,00|||1,26||
|C170|3|330130||1,00000|UN|104,00||0|000|1202||104,00|17,00|17,68|0||0|||||||99|104,00|0,65|||0,68|99|104,00|3,00|||3,12||
|C190|000|1202|17,00|207,00|207,00|35,19|0|0|0|0||
|C100|0|0|800006977|01|00|U|0069425||03082011|03082011|259,00|0|||259,00|9||||259,00|44,03||||||||
|C170|1|180270||1,00000|UN|259,00||0|000|1202||259,00|17,00|44,03|0||0|||||||99|259,00|0,65|||1,68|99|259,00|3,00|||7,77||
|C190|000|1202|17,00|259,00|259,00|44,03|0|0|0|0||
|C100|0|0|800006977|01|00|U|0069428||03082011|03082011|399,00|0|||399,00|9||||399,00|67,83||||||||
|C170|1|100200||1,00000|UN|399,00||0|000|1202||399,00|17,00|67,83|0||0|||||||99|399,00|0,65|||2,59|99|399,00|3,00|||11,97||
|C190|000|1202|17,00|399,00|399,00|67,83|0|0|0|0||
|C100|0|0|800006977|01|00|U|0069433||03082011|03082011|29,00|0|||29,00|9||||29,00|4,93||||||||
|C170|1|500160||1,00000|UN|29,00||0|000|1202||29,00|17,00|4,93|0||0|||||||99|29,00|0,65|||0,19|99|29,00|3,00|||0,87||
|C190|000|1202|17,00|29,00|29,00|4,93|0|0|0|0||
|C100|0|0|800006977|01|00|U|0069434||04082011|04082011|445,00|0|||445,00|9||||445,00|75,65||||||||
|C170|1|040440||1,00000|UN|445,00||0|000|1202||445,00|17,00|75,65|0||0|||||||99|445,00|0,65|||2,89|99|445,00|3,00|||13,35||
|C190|000|1202|17,00|445,00|445,00|75,65|0|0|0|0||
|C100|0|0|800006977|01|00|U|0069441||05082011|05082011|1898,00|0|||1898,00|9||||1898,00|322,66||||||||
|C170|1|040530||1,00000|UN|899,00||0|000|1202||899,00|17,00|152,83|0||0|||||||99|899,00|0,65|||5,84|99|899,00|3,00|||26,97||
|C170|2|220590||1,00000|UN|999,00||0|000|1202||999,00|17,00|169,83|0||0|||||||99|999,00|0,65|||6,49|99|999,00|3,00|||29,97||
|C190|000|1202|17,00|1898,00|1898,00|322,66|0|0|0|0||
|C100|0|0|800006977|01|00|U|0069448||08082011|08082011|1148,00|0|||1148,00|9||||1148,00|195,16||||||||
|C170|1|040173||1,00000|UN|1049,00||0|000|1202||1049,00|17,00|178,33|0||0|||||||99|1049,00|0,65|||6,82|99|1049,00|3,00|||31,47||
|C170|2|120020||1,00000|UN|99,00||0|000|1202||99,00|17,00|16,83|0||0|||||||99|99,00|0,65|||0,64|99|99,00|3,00|||2,97||
|C190|000|1202|17,00|1148,00|1148,00|195,16|0|0|0|0||
|C100|0|0|800006977|01|00|U|0069449||08082011|08082011|49,00|0|||49,00|9||||49,00|8,33||||||||
|C170|1|950120||1,00000|UN|49,00||0|000|1202||49,00|17,00|8,33|0||0|||||||99|49,00|0,65|||0,32|99|49,00|3,00|||1,47||
|C190|000|1202|17,00|49,00|49,00|8,33|0|0|0|0||
|C100|0|0|800006977|01|00|U|0069452||08082011|08082011|29,00|0|||29,00|9||||29,00|4,93||||||||
|C170|1|701750||1,00000|UN|29,00||0|000|1202||29,00|17,00|4,93|0||0|||||||99|29,00|0,65|||0,19|99|29,00|3,00|||0,87||
|C190|000|1202|17,00|29,00|29,00|4,93|0|0|0|0||
|C100|0|0|800006977|01|00|U|0069454||09082011|09082011|168,00|0|||168,00|9||||168,00|28,56||||||||
|C170|1|950151||1,00000|UN|79,00||0|000|1202||79,00|17,00|13,43|0||0|||||||99|79,00|0,65|||0,51|99|79,00|3,00|||2,37||
|C170|2|950300||1,00000|UN|89,00||0|000|1202||89,00|17,00|15,13|0||0|||||||99|89,00|0,65|||0,58|99|89,00|3,00|||2,67||
|C190|000|1202|17,00|168,00|168,00|28,56|0|0|0|0||
|C100|0|0|800006977|01|00|U|0069458||10082011|10082011|1752,00|0|||1752,00|9||||1752,00|297,84||||||||
|C170|1|090280||1,00000|UN|189,00||0|000|1202||189,00|17,00|32,13|0||0|||||||99|189,00|0,65|||1,23|99|189,00|3,00|||5,67||
|C170|2|100210||1,00000|UN|379,00||0|000|1202||379,00|17,00|64,43|0||0|||||||99|379,00|0,65|||2,46|99|379,00|3,00|||11,37||
|C170|3|501120||1,00000|UN|49,00||0|000|1202||49,00|17,00|8,33|0||0|||||||99|49,00|0,65|||0,32|99|49,00|3,00|||1,47||
|C170|4|290300||1,00000|UN|129,00||0|000|1202||129,00|17,00|21,93|0||0|||||||99|129,00|0,65|||0,84|99|129,00|3,00|||3,87||
|C170|5|120090||1,00000|UN|69,00||0|000|1202||69,00|17,00|11,73|0||0|||||||99|69,00|0,65|||0,45|99|69,00|3,00|||2,07||
|C170|6|180380||1,00000|UN|499,00||0|000|1202||499,00|17,00|84,83|0||0|||||||99|499,00|0,65|||3,24|99|499,00|3,00|||14,97||
|C170|7|890360||1,00000|UN|149,00||0|000|1202||149,00|17,00|25,33|0||0|||||||99|149,00|0,65|||0,97|99|149,00|3,00|||4,47||
|C170|8|890550||1,00000|UN|199,00||0|000|1202||199,00|17,00|33,83|0||0|||||||99|199,00|0,65|||1,29|99|199,00|3,00|||5,97||
|C170|9|813560||1,00000|UN|45,00||0|000|1202||45,00|17,00|7,65|0||0|||||||99|45,00|0,65|||0,29|99|45,00|3,00|||1,35||
|C170|10|813030||1,00000|UN|45,00||0|000|1202||45,00|17,00|7,65|0||0|||||||99|45,00|0,65|||0,29|99|45,00|3,00|||1,35||
|C190|000|1202|17,00|1752,00|1752,00|297,84|0|0|0|0||
|C100|0|0|800006977|01|00|U|0069459||10082011|10082011|1597,00|0|||1597,00|9||||1597,00|271,49||||||||
|C170|1|100210||1,00000|UN|379,00||0|000|1202||379,00|17,00|64,43|0||0|||||||99|379,00|0,65|||2,46|99|379,00|3,00|||11,37||
|C170|2|180270||1,00000|UN|259,00||0|000|1202||259,00|17,00|44,03|0||0|||||||99|259,00|0,65|||1,68|99|259,00|3,00|||7,77||
|C170|3|520440||1,00000|UN|71,00||0|000|1202||71,00|17,00|12,07|0||0|||||||99|71,00|0,65|||0,46|99|71,00|3,00|||2,13||
|C170|4|180270||1,00000|UN|259,00||0|000|1202||259,00|17,00|44,03|0||0|||||||99|259,00|0,65|||1,68|99|259,00|3,00|||7,77||
|C170|5|290300||1,00000|UN|139,00||0|000|1202||139,00|17,00|23,63|0||0|||||||99|139,00|0,65|||0,90|99|139,00|3,00|||4,17||
|C170|6|180280||1,00000|UN|89,00||0|000|1202||89,00|17,00|15,13|0||0|||||||99|89,00|0,65|||0,58|99|89,00|3,00|||2,67||
|C170|7|900450||1,00000|UN|49,00||0|000|1202||49,00|17,00|8,33|0||0|||||||99|49,00|0,65|||0,32|99|49,00|3,00|||1,47||
|C170|8|900450||1,00000|UN|45,00||0|000|1202||45,00|17,00|7,65|0||0|||||||99|45,00|0,65|||0,29|99|45,00|3,00|||1,35||
|C170|9|840541||1,00000|UN|30,00||0|000|1202||30,00|17,00|5,10|0||0|||||||99|30,00|0,65|||0,20|99|30,00|3,00|||0,90||
|C170|10|970100||1,00000|UN|129,00||0|000|1202||129,00|17,00|21,93|0||0|||||||99|129,00|0,65|||0,84|99|129,00|3,00|||3,87||
|C170|11|900090||1,00000|UN|59,00||0|000|1202||59,00|17,00|10,03|0||0|||||||99|59,00|0,65|||0,38|99|59,00|3,00|||1,77||
|C170|12|950300||1,00000|UN|89,00||0|000|1202||89,00|17,00|15,13|0||0|||||||99|89,00|0,65|||0,58|99|89,00|3,00|||2,67||
|C190|000|1202|17,00|1597,00|1597,00|271,49|0|0|0|0||
|C100|0|0|800006977|01|00|U|0069460||10082011|10082011|5100,00|0|||5100,00|9||||5100,00|867,00||||||||
|C170|1|030100||1,00000|UN|2866,00||0|000|1202||2866,00|17,00|487,22|0||0|||||||99|2866,00|0,65|||18,63|99|2866,00|3,00|||85,98||
|C170|2|030770||1,00000|UN|1221,00||0|000|1202||1221,00|17,00|207,57|0||0|||||||99|1221,00|0,65|||7,94|99|1221,00|3,00|||36,63||
|C170|3|040440||1,00000|UN|440,00||0|000|1202||440,00|17,00|74,80|0||0|||||||99|440,00|0,65|||2,86|99|440,00|3,00|||13,20||
|C170|4|180190||1,00000|UN|573,00||0|000|1202||573,00|17,00|97,41|0||0|||||||99|573,00|0,65|||3,72|99|573,00|3,00|||17,19||
|C190|000|1202|17,00|5100,00|5100,00|867,00|0|0|0|0||
|C100|0|0|800006977|01|00|U|0069463||10082011|10082011|1145,00|0|||1145,00|9||||1145,00|194,65||||||||
|C170|1|100210||1,00000|UN|379,00||0|000|1202||379,00|17,00|64,43|0||0|||||||99|379,00|0,65|||2,46|99|379,00|3,00|||11,37||
|C170|2|180290||1,00000|UN|119,00||0|000|1202||119,00|17,00|20,23|0||0|||||||99|119,00|0,65|||0,77|99|119,00|3,00|||3,57||
|C170|3|501110||1,00000|UN|289,00||0|000|1202||289,00|17,00|49,13|0||0|||||||99|289,00|0,65|||1,88|99|289,00|3,00|||8,67||
|C170|4|290060||1,00000|UN|259,00||0|000|1202||259,00|17,00|44,03|0||0|||||||99|259,00|0,65|||1,68|99|259,00|3,00|||7,77||
|C170|5|330250||1,00000|UN|99,00||0|000|1202||99,00|17,00|16,83|0||0|||||||99|99,00|0,65|||0,64|99|99,00|3,00|||2,97||
|C190|000|1202|17,00|1145,00|1145,00|194,65|0|0|0|0||
|C100|0|0|800006977|01|00|U|0069464||10082011|10082011|1657,00|0|||1657,00|9||||1657,00|281,69||||||||
|C170|1|105105||1,00000|UN|49,00||0|000|1202||49,00|17,00|8,33|0||0|||||||50|49,00|0,65|||0,32|50|49,00|3,00|||1,47||
|C170|2|120030||1,00000|UN|99,00||0|000|1202||99,00|17,00|16,83|0||0|||||||50|99,00|0,65|||0,64|50|99,00|3,00|||2,97||
|C170|3|180270||1,00000|UN|259,00||0|000|1202||259,00|17,00|44,03|0||0|||||||50|259,00|0,65|||1,68|50|259,00|3,00|||7,77||
|C170|4|180270||1,00000|UN|255,00||0|000|1202||255,00|17,00|43,35|0||0|||||||50|255,00|0,65|||1,66|50|255,00|3,00|||7,65||
|C170|5|120170||1,00000|UN|299,00||0|000|1202||299,00|17,00|50,83|0||0|||||||50|299,00|0,65|||1,94|50|299,00|3,00|||8,97||
|C170|6|290280||1,00000|UN|129,00||0|000|1202||129,00|17,00|21,93|0||0|||||||50|129,00|0,65|||0,84|50|129,00|3,00|||3,87||
|C170|7|330030||1,00000|UN|125,00||0|000|1202||125,00|17,00|21,25|0||0|||||||50|125,00|0,65|||0,81|50|125,00|3,00|||3,75||
|C170|8|330030||1,00000|UN|120,00||0|000|1202||120,00|17,00|20,40|0||0|||||||50|120,00|0,65|||0,78|50|120,00|3,00|||3,60||
|C170|9|290290||1,00000|UN|99,00||0|000|1202||99,00|17,00|16,83|0||0|||||||50|99,00|0,65|||0,64|50|99,00|3,00|||2,97||
|C170|10|890081||1,00000|UN|69,00||0|000|1202||69,00|17,00|11,73|0||0|||||||50|69,00|0,65|||0,45|50|69,00|3,00|||2,07||
|C170|11|910670||1,00000|UN|25,00||0|000|1202||25,00|17,00|4,25|0||0|||||||50|25,00|0,65|||0,16|50|25,00|3,00|||0,75||
|C170|12|330090||1,00000|UN|129,00||0|000|1202||129,00|17,00|21,93|0||0|||||||50|129,00|0,65|||0,84|50|129,00|3,00|||3,87||
|C190|000|1202|17,00|1657,00|1657,00|281,69|0|0|0|0||
|C100|0|0|800006977|01|00|U|0069465||10082011|10082011|1780,00|0|||1780,00|9||||1780,00|302,60||||||||
|C170|1|120050||1,00000|UN|159,00||0|000|1202||159,00|17,00|27,03|0||0|||||||50|159,00|0,65|||1,03|50|159,00|3,00|||4,77||
|C170|2|290190||1,00000|UN|59,00||0|000|1202||59,00|17,00|10,03|0||0|||||||50|59,00|0,65|||0,38|50|59,00|3,00|||1,77||
|C170|3|501120||1,00000|UN|49,00||0|000|1202||49,00|17,00|8,33|0||0|||||||50|49,00|0,65|||0,32|50|49,00|3,00|||1,47||
|C170|4|840432||1,00000|UN|69,00||0|000|1202||69,00|17,00|11,73|0||0|||||||50|69,00|0,65|||0,45|50|69,00|3,00|||2,07||
|C170|5|840980||1,00000|UN|65,00||0|000|1202||65,00|17,00|11,05|0||0|||||||50|65,00|0,65|||0,42|50|65,00|3,00|||1,95||
|C170|6|840620||1,00000|UN|50,00||0|000|1202||50,00|17,00|8,50|0||0|||||||50|50,00|0,65|||0,33|50|50,00|3,00|||1,50||
|C170|7|890560||1,00000|UN|199,00||0|000|1202||199,00|17,00|33,83|0||0|||||||50|199,00|0,65|||1,29|50|199,00|3,00|||5,97||
|C170|8|950310||1,00000|UN|119,00||0|000|1202||119,00|17,00|20,23|0||0|||||||50|119,00|0,65|||0,77|50|119,00|3,00|||3,57||
|C170|9|890370||1,00000|UN|349,00||0|000|1202||349,00|17,00|59,33|0||0|||||||50|349,00|0,65|||2,27|50|349,00|3,00|||10,47||
|C170|10|903573||1,00000|UN|299,00||0|000|1202||299,00|17,00|50,83|0||0|||||||50|299,00|0,65|||1,94|50|299,00|3,00|||8,97||
|C170|11|890560||1,00000|UN|199,00||0|000|1202||199,00|17,00|33,83|0||0|||||||50|199,00|0,65|||1,29|50|199,00|3,00|||5,97||
|C170|12|890500||1,00000|UN|99,00||0|000|1202||99,00|17,00|16,83|0||0|||||||50|99,00|0,65|||0,64|50|99,00|3,00|||2,97||
|C170|13|840980||1,00000|UN|65,00||0|000|1202||65,00|17,00|11,05|0||0|||||||50|65,00|0,65|||0,42|50|65,00|3,00|||1,95||
|C190|000|1202|17,00|1780,00|1780,00|302,60|0|0|0|0||
|C100|0|0|800006977|01|00|U|0069466||10082011|10082011|1012,00|0|||1012,00|9||||1012,00|172,04||||||||
|C170|1|501110||1,00000|UN|289,00||0|000|1202||289,00|17,00|49,13|0||0|||||||50|289,00|0,65|||1,88|50|289,00|3,00|||8,67||
|C170|2|813550||1,00000|UN|39,00||0|000|1202||39,00|17,00|6,63|0||0|||||||50|39,00|0,65|||0,25|50|39,00|3,00|||1,17||
|C170|3|902511||1,00000|UN|79,00||0|000|1202||79,00|17,00|13,43|0||0|||||||50|79,00|0,65|||0,51|50|79,00|3,00|||2,37||
|C170|4|901130||1,00000|UN|80,00||0|000|1202||80,00|17,00|13,60|0||0|||||||50|80,00|0,65|||0,52|50|80,00|3,00|||2,40||
|C170|5|840450||1,00000|UN|119,00||0|000|1202||119,00|17,00|20,23|0||0|||||||50|119,00|0,65|||0,77|50|119,00|3,00|||3,57||
|C170|6|840970||1,00000|UN|59,00||0|000|1202||59,00|17,00|10,03|0||0|||||||50|59,00|0,65|||0,38|50|59,00|3,00|||1,77||
|C170|7|910782||1,00000|UN|79,00||0|000|1202||79,00|17,00|13,43|0||0|||||||50|79,00|0,65|||0,51|50|79,00|3,00|||2,37||
|C170|8|970120||1,00000|UN|149,00||0|000|1202||149,00|17,00|25,33|0||0|||||||50|149,00|0,65|||0,97|50|149,00|3,00|||4,47||
|C170|9|950133||1,00000|UN|119,00||0|000|1202||119,00|17,00|20,23|0||0|||||||50|119,00|0,65|||0,77|50|119,00|3,00|||3,57||
|C190|000|1202|17,00|1012,00|1012,00|172,04|0|0|0|0||
|C100|0|0|800006977|01|00|U|0069467||10082011|10082011|610,00|0|||610,00|9||||610,00|103,70||||||||
|C170|1|120030||1,00000|UN|99,00||0|000|1202||99,00|17,00|16,83|0||0|||||||50|99,00|0,65|||0,64|50|99,00|3,00|||2,97||
|C170|2|520742||1,00000|UN|79,00||0|000|1202||79,00|17,00|13,43|0||0|||||||50|79,00|0,65|||0,51|50|79,00|3,00|||2,37||
|C170|3|890550||1,00000|UN|199,00||0|000|1202||199,00|17,00|33,83|0||0|||||||50|199,00|0,65|||1,29|50|199,00|3,00|||5,97||
|C170|4|680660||1,00000|UN|59,00||0|000|1202||59,00|17,00|10,03|0||0|||||||50|59,00|0,65|||0,38|50|59,00|3,00|||1,77||
|C170|5|760061||1,00000|UN|119,00||0|000|1202||119,00|17,00|20,23|0||0|||||||50|119,00|0,65|||0,77|50|119,00|3,00|||3,57||
|C170|6|840620||1,00000|UN|55,00||0|000|1202||55,00|17,00|9,35|0||0|||||||50|55,00|0,65|||0,36|50|55,00|3,00|||1,65||
|C190|000|1202|17,00|610,00|610,00|103,70|0|0|0|0||
|C100|0|0|800006977|01|00|U|0069470||11082011|11082011|219,00|0|||219,00|9||||219,00|37,23||||||||
|C170|1|200360||1,00000|UN|219,00||0|000|1202||219,00|17,00|37,23|0||0|||||||50|219,00|0,65|||1,42|50|219,00|3,00|||6,57||
|C190|000|1202|17,00|219,00|219,00|37,23|0|0|0|0||
|C100|0|0|800006977|01|00|U|0069474||12082011|12082011|1206,00|0|||1206,00|9||||1206,00|205,02||||||||
|C170|1|105090||1,00000|UN|139,00||0|000|1202||139,00|17,00|23,63|0||0|||||||50|139,00|0,65|||0,90|50|139,00|3,00|||4,17||
|C170|2|200420||1,00000|UN|169,00||0|000|1202||169,00|17,00|28,73|0||0|||||||50|169,00|0,65|||1,10|50|169,00|3,00|||5,07||
|C170|3|290340||1,00000|UN|69,00||0|000|1202||69,00|17,00|11,73|0||0|||||||50|69,00|0,65|||0,45|50|69,00|3,00|||2,07||
|C170|4|290300||1,00000|UN|129,00||0|000|1202||129,00|17,00|21,93|0||0|||||||50|129,00|0,65|||0,84|50|129,00|3,00|||3,87||
|C170|5|290220||1,00000|UN|79,00||0|000|1202||79,00|17,00|13,43|0||0|||||||50|79,00|0,65|||0,51|50|79,00|3,00|||2,37||
|C170|6|290230||1,00000|UN|129,00||0|000|1202||129,00|17,00|21,93|0||0|||||||50|129,00|0,65|||0,84|50|129,00|3,00|||3,87||
|C170|7|910782||1,00000|UN|69,00||0|000|1202||69,00|17,00|11,73|0||0|||||||50|69,00|0,65|||0,45|50|69,00|3,00|||2,07||
|C170|8|330240||1,00000|UN|75,00||0|000|1202||75,00|17,00|12,75|0||0|||||||50|75,00|0,65|||0,49|50|75,00|3,00|||2,25||
|C170|9|290340||1,00000|UN|59,00||0|000|1202||59,00|17,00|10,03|0||0|||||||50|59,00|0,65|||0,38|50|59,00|3,00|||1,77||
|C170|10|501110||1,00000|UN|289,00||0|000|1202||289,00|17,00|49,13|0||0|||||||50|289,00|0,65|||1,88|50|289,00|3,00|||8,67||
|C190|000|1202|17,00|1206,00|1206,00|205,02|0|0|0|0||
|C100|0|0|800006977|01|00|U|0069477||12082011|12082011|267,00|0|||267,00|9||||267,00|45,39||||||||
|C170|1|180290||1,00000|UN|129,00||0|000|1202||129,00|17,00|21,93|0||0|||||||50|129,00|0,65|||0,84|50|129,00|3,00|||3,87||
|C170|2|180920||2,00000|UN|138,00||0|000|1202||138,00|17,00|23,46|0||0|||||||50|138,00|0,65|||0,90|50|138,00|3,00|||4,14||
|C190|000|1202|17,00|267,00|267,00|45,39|0|0|0|0||
|C100|0|0|800006977|01|00|U|0069480||16082011|16082011|399,00|0|||399,00|9||||399,00|67,83||||||||
|C170|1|180203||1,00000|UN|399,00||0|000|1202||399,00|17,00|67,83|0||0|||||||50|399,00|0,65|||2,59|50|399,00|3,00|||11,97||
|C190|000|1202|17,00|399,00|399,00|67,83|0|0|0|0||
|C100|0|0|800006977|01|00|U|0069496||17082011|17082011|1769,00|0|||1769,00|9||||1769,00|300,73||||||||
|C170|1|031150||1,00000|UN|1769,00||0|000|1202||1769,00|17,00|300,73|0||0|||||||50|1769,00|0,65|||11,50|50|1769,00|3,00|||53,07||
|C190|000|1202|17,00|1769,00|1769,00|300,73|0|0|0|0||
|C100|0|0|800006977|01|00|U|0069502||18082011|18082011|248,00|0|||248,00|9||||248,00|42,16||||||||
|C170|1|890360||1,00000|UN|149,00||0|000|1202||149,00|17,00|25,33|0||0|||||||50|149,00|0,65|||0,97|50|149,00|3,00|||4,47||
|C170|2|890500||1,00000|UN|99,00||0|000|1202||99,00|17,00|16,83|0||0|||||||50|99,00|0,65|||0,64|50|99,00|3,00|||2,97||
|C190|000|1202|17,00|248,00|248,00|42,16|0|0|0|0||
|C100|0|0|800006977|01|00|U|0069504||19082011|19082011|259,00|0|||259,00|9||||259,00|44,03||||||||
|C170|1|180270||1,00000|UN|259,00||0|000|1202||259,00|17,00|44,03|0||0|||||||50|259,00|0,65|||1,68|50|259,00|3,00|||7,77||
|C190|000|1202|17,00|259,00|259,00|44,03|0|0|0|0||
|C100|0|0|800006977|01|00|U|0069505||19082011|19082011|65,00|0|||65,00|9||||65,00|11,05||||||||
|C170|1|840980||1,00000|UN|65,00||0|000|1202||65,00|17,00|11,05|0||0|||||||50|65,00|0,65|||0,42|50|65,00|3,00|||1,95||
|C190|000|1202|17,00|65,00|65,00|11,05|0|0|0|0||
|C100|0|0|800006977|01|00|U|0069506||19082011|19082011|99,00|0|||99,00|9||||99,00|16,83||||||||
|C170|1|902650||1,00000|UN|99,00||0|000|1202||99,00|17,00|16,83|0||0|||||||50|99,00|0,65|||0,64|50|99,00|3,00|||2,97||
|C190|000|1202|17,00|99,00|99,00|16,83|0|0|0|0||
|C100|0|0|800006977|01|00|U|0069508||19082011|19082011|65,00|0|||65,00|9||||65,00|11,05||||||||
|C170|1|120040||1,00000|UN|65,00||0|000|1202||65,00|17,00|11,05|0||0|||||||50|65,00|0,65|||0,42|50|65,00|3,00|||1,95||
|C190|000|1202|17,00|65,00|65,00|11,05|0|0|0|0||
|C100|0|0|800006977|01|00|U|0069514||22082011|22082011|29,00|0|||29,00|9||||29,00|4,93||||||||
|C170|1|680281||1,00000|UN|29,00||0|000|1202||29,00|17,00|4,93|0||0|||||||50|29,00|0,65|||0,19|50|29,00|3,00|||0,87||
|C190|000|1202|17,00|29,00|29,00|4,93|0|0|0|0||
|C100|0|0|800006977|01|00|U|0069516||22082011|22082011|99,00|0|||99,00|9||||99,00|16,83||||||||
|C170|1|290290||1,00000|UN|99,00||0|000|1202||99,00|17,00|16,83|0||0|||||||50|99,00|0,65|||0,64|50|99,00|3,00|||2,97||
|C190|000|1202|17,00|99,00|99,00|16,83|0|0|0|0||
|C100|0|0|800006977|01|00|U|0069528||25082011|25082011|99,00|0|||99,00|9||||99,00|16,83||||||||
|C170|1|120020||1,00000|UN|99,00||0|000|1202||99,00|17,00|16,83|0||0|||||||50|99,00|0,65|||0,64|50|99,00|3,00|||2,97||
|C190|000|1202|17,00|99,00|99,00|16,83|0|0|0|0||
|C100|0|0|800006977|01|00|U|0069536||29082011|29082011|65,00|0|||65,00|9||||65,00|11,05||||||||
|C170|1|500090||1,00000|UN|65,00||0|000|1202||65,00|17,00|11,05|0||0|||||||50|65,00|0,65|||0,42|50|65,00|3,00|||1,95||
|C190|000|1202|17,00|65,00|65,00|11,05|0|0|0|0||
|C100|0|0|800006977|01|00|U|0069537||29082011|29082011|947,00|0|||947,00|9||||947,00|160,99||||||||
|C170|1|180273||1,00000|UN|319,00||0|000|1202||319,00|17,00|54,23|0||0|||||||50|319,00|0,65|||2,07|50|319,00|3,00|||9,57||
|C170|2|200390||1,00000|UN|499,00||0|000|1202||499,00|17,00|84,83|0||0|||||||50|499,00|0,65|||3,24|50|499,00|3,00|||14,97||
|C170|3|330030||1,00000|UN|129,00||0|000|1202||129,00|17,00|21,93|0||0|||||||50|129,00|0,65|||0,84|50|129,00|3,00|||3,87||
|C190|000|1202|17,00|947,00|947,00|160,99|0|0|0|0||
|C100|0|0|800006977|01|00|U|0069541||30082011|30082011|119,00|0|||119,00|9||||119,00|20,23||||||||
|C170|1|290280||1,00000|UN|119,00||0|000|1202||119,00|17,00|20,23|0||0|||||||50|119,00|0,65|||0,77|50|119,00|3,00|||3,57||
|C190|000|1202|17,00|119,00|119,00|20,23|0|0|0|0||
|C100|0|0|800006977|01|00|U|0069542||30082011|30082011|119,00|0|||119,00|9||||119,00|20,23||||||||
|C170|1|680930||1,00000|UN|119,00||0|000|1202||119,00|17,00|20,23|0||0|||||||50|119,00|0,65|||0,77|50|119,00|3,00|||3,57||
|C190|000|1202|17,00|119,00|119,00|20,23|0|0|0|0||
|C100|0|0|800006977|01|00|U|0069439||04082011|04082011|999,00|0|||999,00|9||||999,00|169,83||||||||
|C170|1|040520||1,00000|UN|999,00||0|000|1202||999,00|17,00|169,83|0||0|||||||99|999,00|0,65|||6,49|99|999,00|3,00|||29,97||
|C190|000|1202|17,00|999,00|999,00|169,83|0|0|0|0||
|C100|0|0|800006977|01|00|U|0069440||05082011|05082011|139,00|0|||139,00|9||||139,00|23,63||||||||
|C170|1|090220||1,00000|UN|139,00||0|000|1202||139,00|17,00|23,63|0||0|||||||99|139,00|0,65|||0,90|99|139,00|3,00|||4,17||
|C190|000|1202|17,00|139,00|139,00|23,63|0|0|0|0||
|C100|0|0|800006977|01|00|U|0069499||18082011|18082011|1287,00|0|||1287,00|9||||1287,00|218,79||||||||
|C170|1|030433||1,00000|UN|799,00||0|000|1202||799,00|17,00|135,83|0||0|||||||50|799,00|0,65|||5,19|50|799,00|3,00|||23,97||
|C170|2|040550||1,00000|UN|159,00||0|000|1202||159,00|17,00|27,03|0||0|||||||50|159,00|0,65|||1,03|50|159,00|3,00|||4,77||
|C170|3|180273||1,00000|UN|329,00||0|000|1202||329,00|17,00|55,93|0||0|||||||50|329,00|0,65|||2,14|50|329,00|3,00|||9,87||
|C190|000|1202|17,00|1287,00|1287,00|218,79|0|0|0|0||
|C100|1|0|800007181|01|00|U|0069540||29082011|29082011|249,00|0|||249,00|9||||0|0||||||||
|C170|1|060330||1,00000|UN|249,00||0|041|5949|||||0||0|||||||99||||||99|||||||
|C190|041|5949||249,00|0|0|0|0|0|0||
|C100|1|0|800007182|01|00|U|0069469||11082011|11082011|49,00|0|||49,00|9||||0|0||||||||
|C170|1|290260||1,00000|UN|49,00||0|041|5949|||||0||0|||||||99||||||99|||||||
|C190|041|5949||49,00|0|0|0|0|0|0||
|C100|1|0|800008057|01|00|U|0069421||03082011|03082011|669,00|0|||669,00|9||||0|0||||||||
|C170|1|031110||1,00000|UN|649,00||0|041|5949|||||0||0|||||||99||||||99|||||||
|C170|2|103300||1,00000|UN|10,00||0|041|5949|||||0||0|||||||99||||||99|||||||
|C170|3|103320||1,00000|UN|10,00||0|041|5949|||||0||0|||||||99||||||99|||||||
|C190|041|5949||669,00|0|0|0|0|0|0||
|C100|1|0|800007146|01|00|U|0069524||24082011|24082011|29,00|0|||29,00|9||||0|0||||||||
|C170|1|900431||1,00000|UN|29,00||0|041|5949|||||0||0|||||||99||||||99|||||||
|C190|041|5949||29,00|0|0|0|0|0|0||
|C100|1|0|100003254|01|00|U|0069461||10082011|10082011|525,00|0|||525,00|9||||0|0||||||||
|C170|1|040133||1,00000|UN|355,00||0|041|5949|||||0||0|||||||99||||||99|||||||
|C170|2|100210||1,00000|UN|170,00||0|041|5949|||||0||0|||||||99||||||99|||||||
|C190|041|5949||525,00|0|0|0|0|0|0||
|C100|1|0|100003631|01|00|U|0069507||19082011|19082011|379,00|0|||379,00|9||||0|0||||||||
|C170|1|100200||1,00000|UN|379,00||0|041|5949|||||0||0|||||||99||||||99|||||||
|C190|041|5949||379,00|0|0|0|0|0|0||
|C100|1|0|800007179|01|00|U|0069484||16082011|16082011|7497,00|0|||7497,00|9||||0|0||||||||
|C170|1|030093||1,00000|UN|2050,00||0|041|5949|||||0||0|||||||99||||||99|||||||
|C170|2|031150||1,00000|UN|1650,00||0|041|5949|||||0||0|||||||99||||||99|||||||
|C170|3|040013||3,00000|UN|3507,00||0|041|5949|||||0||0|||||||99||||||99|||||||
|C170|4|100063||1,00000|UN|290,00||0|041|5949|||||0||0|||||||99||||||99|||||||
|C190|041|5949||7497,00|0|0|0|0|0|0||
|C100|1|0|800007179|01|00|U|0069493||17082011|17082011|290,00|0|||290,00|9||||0|0||||||||
|C170|1|100063||1,00000|UN|290,00||0|041|5949|||||0||0|||||||99||||||99|||||||
|C190|041|5949||290,00|0|0|0|0|0|0||
|C100|1|0|800008026|01|00|U|0069546||31082011|31082011|2261,07|0|||2261,07|9||||2261,07|384,38||||||||
|C170|1|030253||1,00000|UN|925,65||0|000|5152||925,65|17,00|157,36|0||0|||||||01|925,65|0,65|||6,02|01|925,65|3,00|||27,77||
|C170|2|030383||1,00000|UN|839,54||0|000|5152||839,54|17,00|142,72|0||0|||||||01|839,54|0,65|||5,46|01|839,54|3,00|||25,19||
|C170|3|290220||1,00000|UN|48,59||0|000|5152||48,59|17,00|8,26|0||0|||||||01|48,59|0,65|||0,32|01|48,59|3,00|||1,46||
|C170|4|090240||1,00000|UN|34,93||0|000|5152||34,93|17,00|5,94|0||0|||||||01|34,93|0,65|||0,23|01|34,93|3,00|||1,05||
|C170|5|180270||1,00000|UN|154,03||0|000|5152||154,03|17,00|26,19|0||0|||||||01|154,03|0,65|||1,00|01|154,03|3,00|||4,62||
|C170|6|520740||1,00000|UN|66,21||0|000|5152||66,21|17,00|11,26|0||0|||||||01|66,21|0,65|||0,43|01|66,21|3,00|||1,99||
|C170|7|810571||1,00000|UN|44,25||0|000|5152||44,25|17,00|7,52|0||0|||||||01|44,25|0,65|||0,29|01|44,25|3,00|||1,33||
|C170|8|890550||1,00000|UN|120,55||0|000|5152||120,55|17,00|20,49|0||0|||||||01|120,55|0,65|||0,78|01|120,55|3,00|||3,62||
|C170|9|840620||1,00000|UN|27,32||0|000|5152||27,32|17,00|4,64|0||0|||||||01|27,32|0,65|||0,18|01|27,32|3,00|||0,82||
|C190|000|5152|17,00|2261,07|2261,07|384,38|0|0|0|0||
|C100|1|0|800008026|01|00|U|0069547||31082011|31082011|72,78|0|||72,78|9||||72,78|12,37||||||||
|C170|1|101361||6,00000|UN|72,78||0|000|5152||72,78|17,00|12,37|0||0|||||||01|72,78|0,65|||0,47|01|72,78|3,00|||2,18||
|C190|000|5152|17,00|72,78|72,78|12,37|0|0|0|0||
|C100|1|0|800008026|01|00|U|0069417||02082011|02082011|953,26|0|||953,26|9||||953,26|162,05||||||||
|C170|1|040340||1,00000|UN|953,26||0|000|5152||953,26|17,00|162,05|0||0|||||||01|953,26|0,65|||6,20|01|953,26|3,00|||28,60||
|C190|000|5152|17,00|953,26|953,26|162,05|0|0|0|0||
|C100|1|0|800008026|01|00|U|0069419||03082011|03082011|925,65|0|||925,65|9||||925,65|157,36||||||||
|C170|1|030253||1,00000|UN|925,65||0|000|5152||925,65|17,00|157,36|0||0|||||||01|925,65|0,65|||6,02|01|925,65|3,00|||27,77||
|C190|000|5152|17,00|925,65|925,65|157,36|0|0|0|0||
|C100|1|0|800008026|01|00|U|0069426||03082011|03082011|2964,37|0|||2964,37|9||||2964,37|503,94||||||||
|C170|1|030333||1,00000|UN|1117,45||0|000|5152||1117,45|17,00|189,97|0||0|||||||01|1117,45|0,65|||7,26|01|1117,45|3,00|||33,52||
|C170|2|050543||1,00000|UN|283,64||0|000|5152||283,64|17,00|48,22|0||0|||||||01|283,64|0,65|||1,84|01|283,64|3,00|||8,51||
|C170|3|100200||1,00000|UN|248,31||0|000|5152||248,31|17,00|42,21|0||0|||||||01|248,31|0,65|||1,61|01|248,31|3,00|||7,45||
|C170|4|150040||1,00000|UN|34,70||0|000|5152||34,70|17,00|5,90|0||0|||||||01|34,70|0,65|||0,23|01|34,70|3,00|||1,04||
|C170|5|220403||1,00000|UN|1026,64||0|000|5152||1026,64|17,00|174,53|0||0|||||||01|1026,64|0,65|||6,67|01|1026,64|3,00|||30,80||
|C170|6|100210||1,00000|UN|232,47||0|000|5152||232,47|17,00|39,52|0||0|||||||01|232,47|0,65|||1,51|01|232,47|3,00|||6,97||
|C170|7|970370||1,00000|UN|21,16||0|000|5152||21,16|17,00|3,60|0||0|||||||01|21,16|0,65|||0,14|01|21,16|3,00|||0,63||
|C190|000|5152|17,00|2964,37|2964,37|503,94|0|0|0|0||
|C100|1|0|800008026|01|00|U|0069429||03082011|03082011|44,13|0|||44,13|9||||44,13|7,50||||||||
|C170|1|700590||1,00000|UN|4,43||0|000|5152||4,43|17,00|0,75|0||0|||||||01|4,43|0,65|||0,03|01|4,43|3,00|||0,13||
|C170|2|700891||1,00000|UN|32,66||0|000|5152||32,66|17,00|5,55|0||0|||||||01|32,66|0,65|||0,21|01|32,66|3,00|||0,98||
|C170|3|701420||1,00000|UN|7,04||0|000|5152||7,04|17,00|1,20|0||0|||||||01|7,04|0,65|||0,05|01|7,04|3,00|||0,21||
|C190|000|5152|17,00|44,13|44,13|7,50|0|0|0|0||
|C100|1|0|800008026|01|00|U|0069435||04082011|04082011|186,69|0|||186,69|9||||186,69|31,74||||||||
|C170|1|910790||1,00000|UN|186,69||0|000|5152||186,69|17,00|31,74|0||0|||||||01|186,69|0,65|||1,21|01|186,69|3,00|||5,60||
|C190|000|5152|17,00|186,69|186,69|31,74|0|0|0|0||
|C100|1|0|800008026|01|00|U|0069436||04082011|04082011|1225,20|0|||1225,20|9||||1225,20|208,28||||||||
|C170|1|030473||2,00000|UN|1225,20||0|000|5152||1225,20|17,00|208,28|0||0|||||||01|1225,20|0,65|||7,96|01|1225,20|3,00|||36,76||
|C190|000|5152|17,00|1225,20|1225,20|208,28|0|0|0|0||
|C100|1|0|800008026|01|00|U|0069437||04082011|04082011|3042,92|0|||3042,92|9||||3042,92|517,30||||||||
|C170|1|030383||1,00000|UN|825,62||0|000|5152||825,62|17,00|140,36|0||0|||||||01|825,62|0,65|||5,37|01|825,62|3,00|||24,77||
|C170|2|040133||2,00000|UN|960,20||0|000|5152||960,20|17,00|163,23|0||0|||||||01|960,20|0,65|||6,24|01|960,20|3,00|||28,81||
|C170|3|680930||1,00000|UN|58,06||0|000|5152||58,06|17,00|9,87|0||0|||||||01|58,06|0,65|||0,38|01|58,06|3,00|||1,74||
|C170|4|180770||1,00000|UN|745,66||0|000|5152||745,66|17,00|126,76|0||0|||||||01|745,66|0,65|||4,85|01|745,66|3,00|||22,37||
|C170|5|220100||1,00000|UN|453,38||0|000|5152||453,38|17,00|77,07|0||0|||||||01|453,38|0,65|||2,95|01|453,38|3,00|||13,60||
|C190|000|5152|17,00|3042,92|3042,92|517,30|0|0|0|0||
|C100|1|0|800008026|01|00|U|0069442||05082011|05082011|3646,43|0|||3646,43|9||||3646,43|619,89||||||||
|C170|1|030093||1,00000|UN|1331,80||0|000|5152||1331,80|17,00|226,41|0||0|||||||01|1331,80|0,65|||8,66|01|1331,80|3,00|||39,95||
|C170|2|030460||1,00000|UN|826,34||0|000|5152||826,34|17,00|140,48|0||0|||||||01|826,34|0,65|||5,37|01|826,34|3,00|||24,79||
|C170|3|813480||1,00000|UN|25,31||0|000|5152||25,31|17,00|4,30|0||0|||||||01|25,31|0,65|||0,16|01|25,31|3,00|||0,76||
|C170|4|050553||1,00000|UN|398,00||0|000|5152||398,00|17,00|67,66|0||0|||||||01|398,00|0,65|||2,59|01|398,00|3,00|||11,94||
|C170|5|031160||1,00000|UN|1064,98||0|000|5152||1064,98|17,00|181,05|0||0|||||||01|1064,98|0,65|||6,92|01|1064,98|3,00|||31,95||
|C190|000|5152|17,00|3646,43|3646,43|619,89|0|0|0|0||
|C100|1|0|800008026|01|00|U|0069444||08082011|08082011|1044,89|0|||1044,89|9||||1044,89|177,63||||||||
|C170|1|100200||1,00000|UN|248,31||0|000|5152||248,31|17,00|42,21|0||0|||||||01|248,31|0,65|||1,61|01|248,31|3,00|||7,45||
|C170|2|120130||1,00000|UN|30,38||0|000|5152||30,38|17,00|5,16|0||0|||||||01|30,38|0,65|||0,20|01|30,38|3,00|||0,91||
|C170|3|290260||1,00000|UN|26,52||0|000|5152||26,52|17,00|4,51|0||0|||||||01|26,52|0,65|||0,17|01|26,52|3,00|||0,80||
|C170|4|500170||1,00000|UN|20,37||0|000|5152||20,37|17,00|3,46|0||0|||||||01|20,37|0,65|||0,13|01|20,37|3,00|||0,61||
|C170|5|812610||1,00000|UN|43,78||0|000|5152||43,78|17,00|7,44|0||0|||||||01|43,78|0,65|||0,28|01|43,78|3,00|||1,31||
|C170|6|250520||1,00000|UN|554,98||0|000|5152||554,98|17,00|94,35|0||0|||||||01|554,98|0,65|||3,61|01|554,98|3,00|||16,65||
|C170|7|890550||1,00000|UN|120,55||0|000|5152||120,55|17,00|20,49|0||0|||||||01|120,55|0,65|||0,78|01|120,55|3,00|||3,62||
|C190|000|5152|17,00|1044,89|1044,89|177,63|0|0|0|0||
|C100|1|0|800008026|01|00|U|0069445||08082011|08082011|9193,35|0|||9193,35|9||||9193,35|1562,87||||||||
|C170|1|030100||1,00000|UN|1863,32||0|000|5152||1863,32|17,00|316,76|0||0|||||||01|1863,32|0,65|||12,11|01|1863,32|3,00|||55,90||
|C170|2|030473||3,00000|UN|2345,40||0|000|5152||2345,40|17,00|398,72|0||0|||||||01|2345,40|0,65|||15,25|01|2345,40|3,00|||70,36||
|C170|3|200040||2,00000|UN|2182,10||0|000|5152||2182,10|17,00|370,96|0||0|||||||01|2182,10|0,65|||14,18|01|2182,10|3,00|||65,46||
|C170|4|290033||2,00000|UN|214,94||0|000|5152||214,94|17,00|36,54|0||0|||||||01|214,94|0,65|||1,40|01|214,94|3,00|||6,45||
|C170|5|030553||2,00000|UN|1169,72||0|000|5152||1169,72|17,00|198,85|0||0|||||||01|1169,72|0,65|||7,60|01|1169,72|3,00|||35,09||
|C170|6|100040||1,00000|UN|443,35||0|000|5152||443,35|17,00|75,37|0||0|||||||01|443,35|0,65|||2,88|01|443,35|3,00|||13,30||
|C170|7|290340||3,00000|UN|90,90||0|000|5152||90,90|17,00|15,45|0||0|||||||01|90,90|0,65|||0,59|01|90,90|3,00|||2,73||
|C170|8|290053||2,00000|UN|237,08||0|000|5152||237,08|17,00|40,30|0||0|||||||01|237,08|0,65|||1,54|01|237,08|3,00|||7,11||
|C170|9|950490||2,00000|UN|646,54||0|000|5152||646,54|17,00|109,91|0||0|||||||01|646,54|0,65|||4,20|01|646,54|3,00|||19,40||
|C190|000|5152|17,00|9193,35|9193,35|1562,87|0|0|0|0||
|C100|1|0|800008026|01|00|U|0069446||08082011|08082011|248,31|0|||248,31|9||||248,31|42,21||||||||
|C170|1|100200||1,00000|UN|248,31||0|000|5152||248,31|17,00|42,21|0||0|||||||01|248,31|0,65|||1,61|01|248,31|3,00|||7,45||
|C190|000|5152|17,00|248,31|248,31|42,21|0|0|0|0||
|C100|1|0|800008026|01|00|U|0069447||08082011|08082011|1743,33|0|||1743,33|9||||1743,33|296,37||||||||
|C170|1|030113||1,00000|UN|1743,33||0|000|5152||1743,33|17,00|296,37|0||0|||||||01|1743,33|0,65|||11,33|01|1743,33|3,00|||52,30||
|C190|000|5152|17,00|1743,33|1743,33|296,37|0|0|0|0||
|C100|1|0|800008026|01|00|U|0069450||08082011|08082011|8808,30|0|||8808,30|9||||8808,30|1497,41||||||||
|C170|1|030433||1,00000|UN|473,37||0|000|5152||473,37|17,00|80,47|0||0|||||||01|473,37|0,65|||3,08|01|473,37|3,00|||14,20||
|C170|2|030443||1,00000|UN|740,84||0|000|5152||740,84|17,00|125,94|0||0|||||||01|740,84|0,65|||4,82|01|740,84|3,00|||22,23||
|C170|3|040183||1,00000|UN|547,75||0|000|5152||547,75|17,00|93,12|0||0|||||||01|547,75|0,65|||3,56|01|547,75|3,00|||16,43||
|C170|4|040520||1,00000|UN|618,44||0|000|5152||618,44|17,00|105,13|0||0|||||||01|618,44|0,65|||4,02|01|618,44|3,00|||18,55||
|C170|5|040123||2,00000|UN|913,12||0|000|5152||913,12|17,00|155,23|0||0|||||||01|913,12|0,65|||5,94|01|913,12|3,00|||27,39||
|C170|6|040440||1,00000|UN|257,56||0|000|5152||257,56|17,00|43,79|0||0|||||||01|257,56|0,65|||1,67|01|257,56|3,00|||7,73||
|C170|7|100210||3,00000|UN|697,41||0|000|5152||697,41|17,00|118,56|0||0|||||||01|697,41|0,65|||4,53|01|697,41|3,00|||20,92||
|C170|8|050993||1,00000|UN|3388,06||0|000|5152||3388,06|17,00|575,97|0||0|||||||01|3388,06|0,65|||22,02|01|3388,06|3,00|||101,64||
|C170|9|051070||1,00000|UN|623,52||0|000|5152||623,52|17,00|106,00|0||0|||||||01|623,52|0,65|||4,05|01|623,52|3,00|||18,71||
|C170|10|040530||1,00000|UN|548,23||0|000|5152||548,23|17,00|93,20|0||0|||||||01|548,23|0,65|||3,56|01|548,23|3,00|||16,45||
|C190|000|5152|17,00|8808,30|8808,30|1497,41|0|0|0|0||
|C100|1|0|800008026|01|00|U|0069451||08082011|08082011|248,67|0|||248,67|9||||248,67|42,27||||||||
|C170|1|290260||1,00000|UN|26,52||0|000|5152||26,52|17,00|4,51|0||0|||||||01|26,52|0,65|||0,17|01|26,52|3,00|||0,80||
|C170|2|290270||1,00000|UN|41,28||0|000|5152||41,28|17,00|7,02|0||0|||||||01|41,28|0,65|||0,27|01|41,28|3,00|||1,24||
|C170|3|330240||1,00000|UN|43,17||0|000|5152||43,17|17,00|7,34|0||0|||||||01|43,17|0,65|||0,28|01|43,17|3,00|||1,30||
|C170|4|290340||1,00000|UN|30,30||0|000|5152||30,30|17,00|5,15|0||0|||||||01|30,30|0,65|||0,20|01|30,30|3,00|||0,91||
|C170|5|890360||1,00000|UN|70,72||0|000|5152||70,72|17,00|12,02|0||0|||||||01|70,72|0,65|||0,46|01|70,72|3,00|||2,12||
|C170|6|890081||1,00000|UN|36,68||0|000|5152||36,68|17,00|6,24|0||0|||||||01|36,68|0,65|||0,24|01|36,68|3,00|||1,10||
|C190|000|5152|17,00|248,67|248,67|42,27|0|0|0|0||
|C100|1|0|800008026|01|00|U|0069453||09082011|09082011|4326,65|0|||4326,65|9||||4326,65|735,53||||||||
|C170|1|030403||1,00000|UN|709,93||0|000|5152||709,93|17,00|120,69|0||0|||||||01|709,93|0,65|||4,61|01|709,93|3,00|||21,30||
|C170|2|040423||1,00000|UN|455,01||0|000|5152||455,01|17,00|77,35|0||0|||||||01|455,01|0,65|||2,96|01|455,01|3,00|||13,65||
|C170|3|220403||1,00000|UN|1026,64||0|000|5152||1026,64|17,00|174,53|0||0|||||||01|1026,64|0,65|||6,67|01|1026,64|3,00|||30,80||
|C170|4|950330||1,00000|UN|1236,75||0|000|5152||1236,75|17,00|210,25|0||0|||||||01|1236,75|0,65|||8,04|01|1236,75|3,00|||37,10||
|C170|5|180590||6,00000|UN|898,32||0|000|5152||898,32|17,00|152,71|0||0|||||||01|898,32|0,65|||5,84|01|898,32|3,00|||26,95||
|C190|000|5152|17,00|4326,65|4326,65|735,53|0|0|0|0||
|C100|1|0|800008026|01|00|U|0069402||01082011|01082011|548,23|0|||548,23|9||||548,23|93,20||||||||
|C170|1|220590||1,00000|UN|548,23||0|000|5152||548,23|17,00|93,20|0||0|||||||01|548,23|0,65|||3,56|01|548,23|3,00|||16,45||
|C190|000|5152|17,00|548,23|548,23|93,20|0|0|0|0||
|C100|1|0|800008026|01|00|U|0069405||01082011|01082011|244,20|0|||244,20|9||||244,20|41,51||||||||
|C170|1|180270||1,00000|UN|154,03||0|000|5152||154,03|17,00|26,19|0||0|||||||01|154,03|0,65|||1,00|01|154,03|3,00|||4,62||
|C170|2|290220||1,00000|UN|48,59||0|000|5152||48,59|17,00|8,26|0||0|||||||01|48,59|0,65|||0,32|01|48,59|3,00|||1,46||
|C170|3|330050||1,00000|UN|27,29||0|000|5152||27,29|17,00|4,64|0||0|||||||01|27,29|0,65|||0,18|01|27,29|3,00|||0,82||
|C170|4|502350||1,00000|UN|14,29||0|000|5152||14,29|17,00|2,43|0||0|||||||01|14,29|0,65|||0,09|01|14,29|3,00|||0,43||
|C190|000|5152|17,00|244,20|244,20|41,51|0|0|0|0||
|C100|1|0|800008026|01|00|U|0069407||01082011|01082011|668,32|0|||668,32|9||||668,32|113,61||||||||
|C170|1|040470||1,00000|UN|221,92||0|000|5152||221,92|17,00|37,73|0||0|||||||01|221,92|0,65|||1,44|01|221,92|3,00|||6,66||
|C170|2|090240||1,00000|UN|34,93||0|000|5152||34,93|17,00|5,94|0||0|||||||01|34,93|0,65|||0,23|01|34,93|3,00|||1,05||
|C170|3|290340||1,00000|UN|30,30||0|000|5152||30,30|17,00|5,15|0||0|||||||01|30,30|0,65|||0,20|01|30,30|3,00|||0,91||
|C170|4|330030||1,00000|UN|75,98||0|000|5152||75,98|17,00|12,92|0||0|||||||01|75,98|0,65|||0,49|01|75,98|3,00|||2,28||
|C170|5|500082||2,00000|UN|45,34||0|000|5152||45,34|17,00|7,71|0||0|||||||01|45,34|0,65|||0,29|01|45,34|3,00|||1,36||
|C170|6|290280||1,00000|UN|70,03||0|000|5152||70,03|17,00|11,91|0||0|||||||01|70,03|0,65|||0,46|01|70,03|3,00|||2,10||
|C170|7|840840||1,00000|UN|26,06||0|000|5152||26,06|17,00|4,43|0||0|||||||01|26,06|0,65|||0,17|01|26,06|3,00|||0,78||
|C170|8|680280||1,00000|UN|21,94||0|000|5152||21,94|17,00|3,73|0||0|||||||01|21,94|0,65|||0,14|01|21,94|3,00|||0,66||
|C170|9|910670||1,00000|UN|9,31||0|000|5152||9,31|17,00|1,58|0||0|||||||01|9,31|0,65|||0,06|01|9,31|3,00|||0,28||
|C170|10|902511||1,00000|UN|39,37||0|000|5152||39,37|17,00|6,69|0||0|||||||01|39,37|0,65|||0,26|01|39,37|3,00|||1,18||
|C170|11|901130||1,00000|UN|39,98||0|000|5152||39,98|17,00|6,80|0||0|||||||01|39,98|0,65|||0,26|01|39,98|3,00|||1,20||
|C170|12|500090||1,00000|UN|32,79||0|000|5152||32,79|17,00|5,57|0||0|||||||01|32,79|0,65|||0,21|01|32,79|3,00|||0,98||
|C170|13|500170||1,00000|UN|20,37||0|000|5152||20,37|17,00|3,46|0||0|||||||01|20,37|0,65|||0,13|01|20,37|3,00|||0,61||
|C190|000|5152|17,00|668,32|668,32|113,61|0|0|0|0||
|C100|1|0|800008026|01|00|U|0069411||02082011|02082011|7691,96|0|||7691,96|9||||7691,96|1307,63||||||||
|C170|1|040290||2,00000|UN|1283,56||0|000|5152||1283,56|17,00|218,21|0||0|||||||01|1283,56|0,65|||8,34|01|1283,56|3,00|||38,51||
|C170|2|100210||10,00000|UN|2324,70||0|000|5152||2324,70|17,00|395,20|0||0|||||||01|2324,70|0,65|||15,11|01|2324,70|3,00|||69,74||
|C170|3|180770||4,00000|UN|2982,64||0|000|5152||2982,64|17,00|507,05|0||0|||||||01|2982,64|0,65|||19,39|01|2982,64|3,00|||89,48||
|C170|4|180290||9,00000|UN|622,98||0|000|5152||622,98|17,00|105,91|0||0|||||||01|622,98|0,65|||4,05|01|622,98|3,00|||18,69||
|C170|5|180280||9,00000|UN|478,08||0|000|5152||478,08|17,00|81,27|0||0|||||||01|478,08|0,65|||3,11|01|478,08|3,00|||14,34||
|C190|000|5152|17,00|7691,96|7691,96|1307,63|0|0|0|0||
|C100|1|0|800008026|01|00|U|0069412||02082011|02082011|2903,18|0|||2903,18|9||||2903,18|493,54||||||||
|C170|1|030523||1,00000|UN|173,94||0|000|5152||173,94|17,00|29,57|0||0|||||||01|173,94|0,65|||1,13|01|173,94|3,00|||5,22||
|C170|2|040223||1,00000|UN|984,09||0|000|5152||984,09|17,00|167,30|0||0|||||||01|984,09|0,65|||6,40|01|984,09|3,00|||29,52||
|C170|3|220143||1,00000|UN|527,81||0|000|5152||527,81|17,00|89,73|0||0|||||||01|527,81|0,65|||3,43|01|527,81|3,00|||15,83||
|C170|4|950440||1,00000|UN|625,08||0|000|5152||625,08|17,00|106,26|0||0|||||||01|625,08|0,65|||4,06|01|625,08|3,00|||18,75||
|C170|5|950360||1,00000|UN|268,99||0|000|5152||268,99|17,00|45,73|0||0|||||||01|268,99|0,65|||1,75|01|268,99|3,00|||8,07||
|C170|6|950490||1,00000|UN|323,27||0|000|5152||323,27|17,00|54,96|0||0|||||||01|323,27|0,65|||2,10|01|323,27|3,00|||9,70||
|C190|000|5152|17,00|2903,18|2903,18|493,54|0|0|0|0||
|C100|1|0|800008026|01|00|U|0069414||02082011|02082011|154,03|0|||154,03|9||||154,03|26,19||||||||
|C170|1|180270||1,00000|UN|154,03||0|000|5152||154,03|17,00|26,19|0||0|||||||01|154,03|0,65|||1,00|01|154,03|3,00|||4,62||
|C190|000|5152|17,00|154,03|154,03|26,19|0|0|0|0||
|C100|1|0|800008026|01|00|U|0069457||09082011|09082011|2193,11|0|||2193,11|9||||2193,11|372,83||||||||
|C170|1|030460||1,00000|UN|826,34||0|000|5152||826,34|17,00|140,48|0||0|||||||01|826,34|0,65|||5,37|01|826,34|3,00|||24,79||
|C170|2|040453||2,00000|UN|736,90||0|000|5152||736,90|17,00|125,27|0||0|||||||01|736,90|0,65|||4,79|01|736,90|3,00|||22,11||
|C170|3|290053||2,00000|UN|237,08||0|000|5152||237,08|17,00|40,30|0||0|||||||01|237,08|0,65|||1,54|01|237,08|3,00|||7,11||
|C170|4|640570||1,00000|UN|18,55||0|000|5152||18,55|17,00|3,15|0||0|||||||01|18,55|0,65|||0,12|01|18,55|3,00|||0,56||
|C170|5|180273||1,00000|UN|191,34||0|000|5152||191,34|17,00|32,53|0||0|||||||01|191,34|0,65|||1,24|01|191,34|3,00|||5,74||
|C170|6|330010||1,00000|UN|67,53||0|000|5152||67,53|17,00|11,48|0||0|||||||01|67,53|0,65|||0,44|01|67,53|3,00|||2,03||
|C170|7|890560||1,00000|UN|115,37||0|000|5152||115,37|17,00|19,61|0||0|||||||01|115,37|0,65|||0,75|01|115,37|3,00|||3,46||
|C190|000|5152|17,00|2193,11|2193,11|372,83|0|0|0|0||
|C100|1|0|800008026|01|00|U|0069468||11082011|11082011|269,00|0|||269,00|9||||269,00|45,73||||||||
|C170|1|070430||1,00000|UN|269,00||0|000|5152||269,00|17,00|45,73|0||0|||||||01|269,00|0,65|||1,75|01|269,00|3,00|||8,07||
|C190|000|5152|17,00|269,00|269,00|45,73|0|0|0|0||
|C100|1|0|800008026|01|00|U|0069471||11082011|11082011|1795,80|0|||1795,80|9||||1795,80|305,29||||||||
|C170|1|030770||1,00000|UN|767,16||0|000|5152||767,16|17,00|130,42|0||0|||||||01|767,16|0,65|||4,99|01|767,16|3,00|||23,01||
|C170|2|100063||1,00000|UN|189,66||0|000|5152||189,66|17,00|32,24|0||0|||||||01|189,66|0,65|||1,23|01|189,66|3,00|||5,69||
|C170|3|100200||1,00000|UN|248,31||0|000|5152||248,31|17,00|42,21|0||0|||||||01|248,31|0,65|||1,61|01|248,31|3,00|||7,45||
|C170|4|120030||1,00000|UN|60,50||0|000|5152||60,50|17,00|10,29|0||0|||||||01|60,50|0,65|||0,39|01|60,50|3,00|||1,82||
|C170|5|100210||1,00000|UN|232,47||0|000|5152||232,47|17,00|39,52|0||0|||||||01|232,47|0,65|||1,51|01|232,47|3,00|||6,97||
|C170|6|120130||1,00000|UN|30,38||0|000|5152||30,38|17,00|5,16|0||0|||||||01|30,38|0,65|||0,20|01|30,38|3,00|||0,91||
|C170|7|180273||1,00000|UN|191,34||0|000|5152||191,34|17,00|32,53|0||0|||||||01|191,34|0,65|||1,24|01|191,34|3,00|||5,74||
|C170|8|330030||1,00000|UN|75,98||0|000|5152||75,98|17,00|12,92|0||0|||||||01|75,98|0,65|||0,49|01|75,98|3,00|||2,28||
|C190|000|5152|17,00|1795,80|1795,80|305,29|0|0|0|0||
|C100|1|0|800008026|01|00|U|0069472||11082011|11082011|2868,59|0|||2868,59|9||||2868,59|487,66||||||||
|C170|1|030093||1,00000|UN|1331,80||0|000|5152||1331,80|17,00|226,41|0||0|||||||01|1331,80|0,65|||8,66|01|1331,80|3,00|||39,95||
|C170|2|040013||1,00000|UN|708,39||0|000|5152||708,39|17,00|120,43|0||0|||||||01|708,39|0,65|||4,60|01|708,39|3,00|||21,25||
|C170|3|500082||1,00000|UN|22,67||0|000|5152||22,67|17,00|3,85|0||0|||||||01|22,67|0,65|||0,15|01|22,67|3,00|||0,68||
|C170|4|100200||1,00000|UN|248,31||0|000|5152||248,31|17,00|42,21|0||0|||||||01|248,31|0,65|||1,61|01|248,31|3,00|||7,45||
|C170|5|180273||1,00000|UN|191,34||0|000|5152||191,34|17,00|32,53|0||0|||||||01|191,34|0,65|||1,24|01|191,34|3,00|||5,74||
|C170|6|290053||1,00000|UN|118,54||0|000|5152||118,54|17,00|20,15|0||0|||||||01|118,54|0,65|||0,77|01|118,54|3,00|||3,56||
|C170|7|901290||1,00000|UN|18,54||0|000|5152||18,54|17,00|3,15|0||0|||||||01|18,54|0,65|||0,12|01|18,54|3,00|||0,56||
|C170|8|900034||1,00000|UN|24,72||0|000|5152||24,72|17,00|4,20|0||0|||||||01|24,72|0,65|||0,16|01|24,72|3,00|||0,74||
|C170|9|902511||1,00000|UN|39,37||0|000|5152||39,37|17,00|6,69|0||0|||||||01|39,37|0,65|||0,26|01|39,37|3,00|||1,18||
|C170|10|970210||1,00000|UN|20,14||0|000|5152||20,14|17,00|3,42|0||0|||||||01|20,14|0,65|||0,13|01|20,14|3,00|||0,60||
|C170|11|501110||1,00000|UN|144,77||0|000|5152||144,77|17,00|24,61|0||0|||||||01|144,77|0,65|||0,94|01|144,77|3,00|||4,34||
|C190|000|5152|17,00|2868,59|2868,59|487,66|0|0|0|0||
|C100|1|0|800008026|01|00|U|0069473||12082011|12082011|456,56|0|||456,56|9||||456,56|77,62||||||||
|C170|1|040123||1,00000|UN|456,56||0|000|5152||456,56|17,00|77,62|0||0|||||||01|456,56|0,65|||2,97|01|456,56|3,00|||13,70||
|C190|000|5152|17,00|456,56|456,56|77,62|0|0|0|0||
|C100|1|0|800008026|01|00|U|0069475||12082011|12082011|1582,58|0|||1582,58|9||||1582,58|269,04||||||||
|C170|1|030970||1,00000|UN|957,50||0|000|5152||957,50|17,00|162,78|0||0|||||||01|957,50|0,65|||6,22|01|957,50|3,00|||28,73||
|C170|2|950440||1,00000|UN|625,08||0|000|5152||625,08|17,00|106,26|0||0|||||||01|625,08|0,65|||4,06|01|625,08|3,00|||18,75||
|C190|000|5152|17,00|1582,58|1582,58|269,04|0|0|0|0||
|C100|1|0|800008026|01|00|U|0069476||12082011|12082011|4532,27|0|||4532,27|9||||4532,27|770,49||||||||
|C170|1|030013||1,00000|UN|1163,81||0|000|5152||1163,81|17,00|197,85|0||0|||||||01|1163,81|0,65|||7,56|01|1163,81|3,00|||34,91||
|C170|2|030093||1,00000|UN|1331,80||0|000|5152||1331,80|17,00|226,41|0||0|||||||01|1331,80|0,65|||8,66|01|1331,80|3,00|||39,95||
|C170|3|200040||1,00000|UN|1091,05||0|000|5152||1091,05|17,00|185,48|0||0|||||||01|1091,05|0,65|||7,09|01|1091,05|3,00|||32,73||
|C170|4|031240||1,00000|UN|152,90||0|000|5152||152,90|17,00|25,99|0||0|||||||01|152,90|0,65|||0,99|01|152,90|3,00|||4,59||
|C170|5|180273||1,00000|UN|191,34||0|000|5152||191,34|17,00|32,53|0||0|||||||01|191,34|0,65|||1,24|01|191,34|3,00|||5,74||
|C170|6|040550||1,00000|UN|89,25||0|000|5152||89,25|17,00|15,17|0||0|||||||01|89,25|0,65|||0,58|01|89,25|3,00|||2,68||
|C170|7|200520||1,00000|UN|97,65||0|000|5152||97,65|17,00|16,60|0||0|||||||01|97,65|0,65|||0,63|01|97,65|3,00|||2,93||
|C170|8|290033||1,00000|UN|107,47||0|000|5152||107,47|17,00|18,27|0||0|||||||01|107,47|0,65|||0,70|01|107,47|3,00|||3,22||
|C170|9|840620||1,00000|UN|27,32||0|000|5152||27,32|17,00|4,64|0||0|||||||01|27,32|0,65|||0,18|01|27,32|3,00|||0,82||
|C170|10|901130||1,00000|UN|39,98||0|000|5152||39,98|17,00|6,80|0||0|||||||01|39,98|0,65|||0,26|01|39,98|3,00|||1,20||
|C170|11|680280||1,00000|UN|21,94||0|000|5152||21,94|17,00|3,73|0||0|||||||01|21,94|0,65|||0,14|01|21,94|3,00|||0,66||
|C170|12|330240||1,00000|UN|43,17||0|000|5152||43,17|17,00|7,34|0||0|||||||01|43,17|0,65|||0,28|01|43,17|3,00|||1,30||
|C170|13|290060||1,00000|UN|142,04||0|000|5152||142,04|17,00|24,15|0||0|||||||01|142,04|0,65|||0,92|01|142,04|3,00|||4,26||
|C170|14|910782||1,00000|UN|32,55||0|000|5152||32,55|17,00|5,53|0||0|||||||01|32,55|0,65|||0,21|01|32,55|3,00|||0,98||
|C190|000|5152|17,00|4532,27|4532,27|770,49|0|0|0|0||
|C100|1|0|800008026|01|00|U|0069478||13082011|13082011|5743,45|0|||5743,45|9||||5743,45|976,39||||||||
|C170|1|100210||10,00000|UN|2324,70||0|000|5152||2324,70|17,00|395,20|0||0|||||||01|2324,70|0,65|||15,11|01|2324,70|3,00|||69,74||
|C170|2|160180||2,00000|UN|145,60||0|000|5152||145,60|17,00|24,75|0||0|||||||01|145,60|0,65|||0,95|01|145,60|3,00|||4,37||
|C170|3|200040||3,00000|UN|3273,15||0|000|5152||3273,15|17,00|556,44|0||0|||||||01|3273,15|0,65|||21,28|01|3273,15|3,00|||98,19||
|C190|000|5152|17,00|5743,45|5743,45|976,39|0|0|0|0||
|C100|1|0|800008026|01|00|U|0069479||13082011|13082011|5958,77|0|||5958,77|9||||5958,77|1012,99||||||||
|C170|1|030123||1,00000|UN|1945,54||0|000|5152||1945,54|17,00|330,74|0||0|||||||01|1945,54|0,65|||12,65|01|1945,54|3,00|||58,37||
|C170|2|030450||1,00000|UN|564,24||0|000|5152||564,24|17,00|95,92|0||0|||||||01|564,24|0,65|||3,67|01|564,24|3,00|||16,93||
|C170|3|030910||1,00000|UN|534,51||0|000|5152||534,51|17,00|90,87|0||0|||||||01|534,51|0,65|||3,47|01|534,51|3,00|||16,04||
|C170|4|030770||1,00000|UN|767,16||0|000|5152||767,16|17,00|130,42|0||0|||||||01|767,16|0,65|||4,99|01|767,16|3,00|||23,01||
|C170|5|031283||1,00000|UN|1190,73||0|000|5152||1190,73|17,00|202,42|0||0|||||||01|1190,73|0,65|||7,74|01|1190,73|3,00|||35,72||
|C170|6|120030||1,00000|UN|60,50||0|000|5152||60,50|17,00|10,29|0||0|||||||01|60,50|0,65|||0,39|01|60,50|3,00|||1,82||
|C170|7|150070||1,00000|UN|33,66||0|000|5152||33,66|17,00|5,72|0||0|||||||01|33,66|0,65|||0,22|01|33,66|3,00|||1,01||
|C170|8|680280||1,00000|UN|21,94||0|000|5152||21,94|17,00|3,73|0||0|||||||01|21,94|0,65|||0,14|01|21,94|3,00|||0,66||
|C170|9|950370||1,00000|UN|840,49||0|000|5152||840,49|17,00|142,88|0||0|||||||01|840,49|0,65|||5,46|01|840,49|3,00|||25,21||
|C190|000|5152|17,00|5958,77|5958,77|1012,99|0|0|0|0||
|C100|1|0|800008026|01|00|U|0069483||16082011|16082011|248,31|0|||248,31|9||||248,31|42,21||||||||
|C170|1|100200||1,00000|UN|248,31||0|000|5152||248,31|17,00|42,21|0||0|||||||01|248,31|0,65|||1,61|01|248,31|3,00|||7,45||
|C190|000|5152|17,00|248,31|248,31|42,21|0|0|0|0||
|C100|1|0|800008026|01|00|U|0069486||17082011|17082011|1145,72|0|||1145,72|9||||1145,72|194,77||||||||
|C170|1|810551||1,00000|UN|69,27||0|000|5152||69,27|17,00|11,78|0||0|||||||01|69,27|0,65|||0,45|01|69,27|3,00|||2,08||
|C170|2|810831||6,00000|UN|100,20||0|000|5152||100,20|17,00|17,03|0||0|||||||01|100,20|0,65|||0,65|01|100,20|3,00|||3,01||
|C170|3|810832||6,00000|UN|169,38||0|000|5152||169,38|17,00|28,79|0||0|||||||01|169,38|0,65|||1,10|01|169,38|3,00|||5,08||
|C170|4|810921||12,00000|UN|58,56||0|000|5152||58,56|17,00|9,96|0||0|||||||01|58,56|0,65|||0,38|01|58,56|3,00|||1,76||
|C170|5|810922||6,00000|UN|21,36||0|000|5152||21,36|17,00|3,63|0||0|||||||01|21,36|0,65|||0,14|01|21,36|3,00|||0,64||
|C170|6|950010||5,00000|UN|300,55||0|000|5152||300,55|17,00|51,09|0||0|||||||01|300,55|0,65|||1,95|01|300,55|3,00|||9,02||
|C170|7|950090||24,00000|UN|126,96||0|000|5152||126,96|17,00|21,58|0||0|||||||01|126,96|0,65|||0,83|01|126,96|3,00|||3,81||
|C170|8|950141||1,00000|UN|91,72||0|000|5152||91,72|17,00|15,59|0||0|||||||01|91,72|0,65|||0,60|01|91,72|3,00|||2,75||
|C170|9|950131||3,00000|UN|20,52||0|000|5152||20,52|17,00|3,49|0||0|||||||01|20,52|0,65|||0,13|01|20,52|3,00|||0,62||
|C170|10|950231||1,00000|UN|187,20||0|000|5152||187,20|17,00|31,82|0||0|||||||01|187,20|0,65|||1,22|01|187,20|3,00|||5,62||
|C190|000|5152|17,00|1145,72|1145,72|194,77|0|0|0|0||
|C100|1|0|800008026|01|00|U|0069487||17082011|17082011|6999,19|0|||6999,19|9||||6573,85|1117,55||||||||
|C170|1|030103||1,00000|UN|1639,42||0|000|5152||1639,42|17,00|278,70|0||0|||||||01|1639,42|0,65|||10,66|01|1639,42|3,00|||49,18||
|C170|2|180203||6,00000|UN|1435,86||0|000|5152||1435,86|17,00|244,10|0||0|||||||01|1435,86|0,65|||9,33|01|1435,86|3,00|||43,08||
|C170|3|180270||3,00000|UN|462,09||0|000|5152||462,09|17,00|78,56|0||0|||||||01|462,09|0,65|||3,00|01|462,09|3,00|||13,86||
|C170|4|180790||3,00000|UN|3036,48||0|000|5152||3036,48|17,00|516,20|0||0|||||||01|3036,48|0,65|||19,74|01|3036,48|3,00|||91,09||
|C170|5|180800||2,00000|UN|425,34||0|041|5152|||||0||0|||||||01|425,34|0,65|||2,76|01|425,34|3,00|||12,76||
|C190|000|5152|17,00|6573,85|6573,85|1117,55|0|0|0|0||
|C190|041|5152||425,34|0|0|0|0|0|0||
|C100|1|0|800008026|01|00|U|0069488||17082011|17082011|3402,38|0|||3402,38|9||||3402,38|578,40||||||||
|C170|1|030100||1,00000|UN|1863,32||0|000|5152||1863,32|17,00|316,76|0||0|||||||01|1863,32|0,65|||12,11|01|1863,32|3,00|||55,90||
|C170|2|030433||1,00000|UN|473,37||0|000|5152||473,37|17,00|80,47|0||0|||||||01|473,37|0,65|||3,08|01|473,37|3,00|||14,20||
|C170|3|200520||1,00000|UN|97,65||0|000|5152||97,65|17,00|16,60|0||0|||||||01|97,65|0,65|||0,63|01|97,65|3,00|||2,93||
|C170|4|031240||1,00000|UN|152,90||0|000|5152||152,90|17,00|25,99|0||0|||||||01|152,90|0,65|||0,99|01|152,90|3,00|||4,59||
|C170|5|180273||1,00000|UN|191,34||0|000|5152||191,34|17,00|32,53|0||0|||||||01|191,34|0,65|||1,24|01|191,34|3,00|||5,74||
|C170|6|040183||1,00000|UN|547,75||0|000|5152||547,75|17,00|93,12|0||0|||||||01|547,75|0,65|||3,56|01|547,75|3,00|||16,43||
|C170|7|902511||1,00000|UN|39,37||0|000|5152||39,37|17,00|6,69|0||0|||||||01|39,37|0,65|||0,26|01|39,37|3,00|||1,18||
|C170|8|890081||1,00000|UN|36,68||0|000|5152||36,68|17,00|6,24|0||0|||||||01|36,68|0,65|||0,24|01|36,68|3,00|||1,10||
|C190|000|5152|17,00|3402,38|3402,38|578,40|0|0|0|0||
|C100|1|0|800008026|01|00|U|0069489||17082011|17082011|753,96|0|||753,96|9||||753,96|128,17||||||||
|C170|1|030433||1,00000|UN|473,37||0|000|5152||473,37|17,00|80,47|0||0|||||||01|473,37|0,65|||3,08|01|473,37|3,00|||14,20||
|C170|2|040550||1,00000|UN|89,25||0|000|5152||89,25|17,00|15,17|0||0|||||||01|89,25|0,65|||0,58|01|89,25|3,00|||2,68||
|C170|3|180273||1,00000|UN|191,34||0|000|5152||191,34|17,00|32,53|0||0|||||||01|191,34|0,65|||1,24|01|191,34|3,00|||5,74||
|C190|000|5152|17,00|753,96|753,96|128,17|0|0|0|0||
|C100|1|0|800008026|01|00|U|0069490||17082011|17082011|248,31|0|||248,31|9||||248,31|42,21||||||||
|C170|1|100200||1,00000|UN|248,31||0|000|5152||248,31|17,00|42,21|0||0|||||||01|248,31|0,65|||1,61|01|248,31|3,00|||7,45||
|C190|000|5152|17,00|248,31|248,31|42,21|0|0|0|0||
|C100|1|0|800008026|01|00|U|0069491||17082011|17082011|2437,76|0|||2437,76|9||||2437,76|414,42||||||||
|C170|1|031073||1,00000|UN|1005,30||0|000|5152||1005,30|17,00|170,90|0||0|||||||01|1005,30|0,65|||6,53|01|1005,30|3,00|||30,16||
|C170|2|031150||1,00000|UN|1075,02||0|000|5152||1075,02|17,00|182,75|0||0|||||||01|1075,02|0,65|||6,99|01|1075,02|3,00|||32,25||
|C170|3|290053||1,00000|UN|118,54||0|000|5152||118,54|17,00|20,15|0||0|||||||01|118,54|0,65|||0,77|01|118,54|3,00|||3,56||
|C170|4|813550||1,00000|UN|18,15||0|000|5152||18,15|17,00|3,09|0||0|||||||01|18,15|0,65|||0,12|01|18,15|3,00|||0,54||
|C170|5|330030||1,00000|UN|75,98||0|000|5152||75,98|17,00|12,92|0||0|||||||01|75,98|0,65|||0,49|01|75,98|3,00|||2,28||
|C170|6|501110||1,00000|UN|144,77||0|000|5152||144,77|17,00|24,61|0||0|||||||01|144,77|0,65|||0,94|01|144,77|3,00|||4,34||
|C190|000|5152|17,00|2437,76|2437,76|414,42|0|0|0|0||
|C100|1|0|800008026|01|00|U|0069492||17082011|17082011|473,37|0|||473,37|9||||473,37|80,47||||||||
|C170|1|030433||1,00000|UN|473,37||0|000|5152||473,37|17,00|80,47|0||0|||||||01|473,37|0,65|||3,08|01|473,37|3,00|||14,20||
|C190|000|5152|17,00|473,37|473,37|80,47|0|0|0|0||
|C100|1|0|800008026|01|00|U|0069494||17082011|17082011|1114,10|0|||1114,10|9||||1114,10|189,40||||||||
|C170|1|030133||1,00000|UN|1114,10||0|000|5152||1114,10|17,00|189,40|0||0|||||||01|1114,10|0,65|||7,24|01|1114,10|3,00|||33,42||
|C190|000|5152|17,00|1114,10|1114,10|189,40|0|0|0|0||
|C100|1|0|800008026|01|00|U|0069497||18082011|18082011|4311,10|0|||4311,10|9||||4311,10|732,89||||||||
|C170|1|031073||1,00000|UN|1005,30||0|000|5152||1005,30|17,00|170,90|0||0|||||||01|1005,30|0,65|||6,53|01|1005,30|3,00|||30,16||
|C170|2|040133||2,00000|UN|960,20||0|000|5152||960,20|17,00|163,23|0||0|||||||01|960,20|0,65|||6,24|01|960,20|3,00|||28,81||
|C170|3|290210||4,00000|UN|748,40||0|000|5152||748,40|17,00|127,23|0||0|||||||01|748,40|0,65|||4,86|01|748,40|3,00|||22,45||
|C170|4|180420||3,00000|UN|1597,20||0|000|5152||1597,20|17,00|271,52|0||0|||||||01|1597,20|0,65|||10,38|01|1597,20|3,00|||47,92||
|C190|000|5152|17,00|4311,10|4311,10|732,89|0|0|0|0||
|C100|1|0|800008026|01|00|U|0069498||18082011|18082011|523,65|0|||523,65|9||||523,65|89,02||||||||
|C170|1|050920||1,00000|UN|523,65||0|000|5152||523,65|17,00|89,02|0||0|||||||01|523,65|0,65|||3,40|01|523,65|3,00|||15,71||
|C190|000|5152|17,00|523,65|523,65|89,02|0|0|0|0||
|C100|1|0|800008026|01|00|U|0069503||18082011|18082011|648,54|0|||648,54|9||||648,54|110,25||||||||
|C170|1|040393||1,00000|UN|581,01||0|000|5152||581,01|17,00|98,77|0||0|||||||01|581,01|0,65|||3,78|01|581,01|3,00|||17,43||
|C170|2|330010||1,00000|UN|67,53||0|000|5152||67,53|17,00|11,48|0||0|||||||01|67,53|0,65|||0,44|01|67,53|3,00|||2,03||
|C190|000|5152|17,00|648,54|648,54|110,25|0|0|0|0||
|C100|1|0|800008026|01|00|U|0069509||20082011|20082011|1771,81|0|||1771,81|9||||1771,81|301,21||||||||
|C170|1|040290||2,00000|UN|1283,56||0|000|5152||1283,56|17,00|218,21|0||0|||||||01|1283,56|0,65|||8,34|01|1283,56|3,00|||38,51||
|C170|2|200520||5,00000|UN|488,25||0|000|5152||488,25|17,00|83,00|0||0|||||||01|488,25|0,65|||3,17|01|488,25|3,00|||14,65||
|C190|000|5152|17,00|1771,81|1771,81|301,21|0|0|0|0||
|C100|1|0|800008026|01|00|U|0069511||20082011|20082011|4769,18|0|||4769,18|9||||4769,18|810,76||||||||
|C170|1|030100||1,00000|UN|1863,32||0|000|5152||1863,32|17,00|316,76|0||0|||||||01|1863,32|0,65|||12,11|01|1863,32|3,00|||55,90||
|C170|2|030293||1,00000|UN|983,37||0|000|5152||983,37|17,00|167,17|0||0|||||||01|983,37|0,65|||6,39|01|983,37|3,00|||29,50||
|C170|3|180273||1,00000|UN|191,34||0|000|5152||191,34|17,00|32,53|0||0|||||||01|191,34|0,65|||1,24|01|191,34|3,00|||5,74||
|C170|4|040290||1,00000|UN|641,78||0|000|5152||641,78|17,00|109,10|0||0|||||||01|641,78|0,65|||4,17|01|641,78|3,00|||19,25||
|C170|5|040250||1,00000|UN|525,13||0|000|5152||525,13|17,00|89,27|0||0|||||||01|525,13|0,65|||3,41|01|525,13|3,00|||15,75||
|C170|6|030450||1,00000|UN|564,24||0|000|5152||564,24|17,00|95,92|0||0|||||||01|564,24|0,65|||3,67|01|564,24|3,00|||16,93||
|C190|000|5152|17,00|4769,18|4769,18|810,76|0|0|0|0||
|C100|1|0|800008026|01|00|U|0069513||22082011|22082011|4748,25|0|||4748,25|9||||4748,25|807,20||||||||
|C170|1|030133||1,00000|UN|1114,10||0|000|5152||1114,10|17,00|189,40|0||0|||||||01|1114,10|0,65|||7,24|01|1114,10|3,00|||33,42||
|C170|2|030293||1,00000|UN|983,37||0|000|5152||983,37|17,00|167,17|0||0|||||||01|983,37|0,65|||6,39|01|983,37|3,00|||29,50||
|C170|3|100030||1,00000|UN|318,40||0|000|5152||318,40|17,00|54,13|0||0|||||||01|318,40|0,65|||2,07|01|318,40|3,00|||9,55||
|C170|4|040203||1,00000|UN|1030,72||0|000|5152||1030,72|17,00|175,22|0||0|||||||01|1030,72|0,65|||6,70|01|1030,72|3,00|||30,92||
|C170|5|030770||1,00000|UN|767,16||0|000|5152||767,16|17,00|130,42|0||0|||||||01|767,16|0,65|||4,99|01|767,16|3,00|||23,01||
|C170|6|040550||1,00000|UN|89,25||0|000|5152||89,25|17,00|15,17|0||0|||||||01|89,25|0,65|||0,58|01|89,25|3,00|||2,68||
|C170|7|100210||1,00000|UN|232,47||0|000|5152||232,47|17,00|39,52|0||0|||||||01|232,47|0,65|||1,51|01|232,47|3,00|||6,97||
|C170|8|330250||2,00000|UN|117,94||0|000|5152||117,94|17,00|20,05|0||0|||||||01|117,94|0,65|||0,77|01|117,94|3,00|||3,54||
|C170|9|970370||1,00000|UN|21,16||0|000|5152||21,16|17,00|3,60|0||0|||||||01|21,16|0,65|||0,14|01|21,16|3,00|||0,63||
|C170|10|810380||1,00000|UN|13,43||0|000|5152||13,43|17,00|2,28|0||0|||||||01|13,43|0,65|||0,09|01|13,43|3,00|||0,40||
|C170|11|500380||1,00000|UN|20,88||0|000|5152||20,88|17,00|3,55|0||0|||||||01|20,88|0,65|||0,14|01|20,88|3,00|||0,63||
|C170|12|902511||1,00000|UN|39,37||0|000|5152||39,37|17,00|6,69|0||0|||||||01|39,37|0,65|||0,26|01|39,37|3,00|||1,18||
|C190|000|5152|17,00|4748,25|4748,25|807,20|0|0|0|0||
|C100|1|0|800008026|01|00|U|0069515||22082011|22082011|15,06|0|||15,06|9||||15,06|2,56||||||||
|C170|1|680281||1,00000|UN|15,06||0|000|5152||15,06|17,00|2,56|0||0|||||||01|15,06|0,65|||0,10|01|15,06|3,00|||0,45||
|C190|000|5152|17,00|15,06|15,06|2,56|0|0|0|0||
|C100|1|0|800008026|01|00|U|0069517||22082011|22082011|60,35|0|||60,35|9||||60,35|10,26||||||||
|C170|1|290290||1,00000|UN|60,35||0|000|5152||60,35|17,00|10,26|0||0|||||||01|60,35|0,65|||0,39|01|60,35|3,00|||1,81||
|C190|000|5152|17,00|60,35|60,35|10,26|0|0|0|0||
|C100|1|0|800008026|01|00|U|0069518||23082011|23082011|5482,72|0|||5482,72|9||||5482,72|932,06||||||||
|C170|1|030533||2,00000|UN|581,12||0|000|5152||581,12|17,00|98,79|0||0|||||||01|581,12|0,65|||3,78|01|581,12|3,00|||17,43||
|C170|2|030910||1,00000|UN|534,51||0|000|5152||534,51|17,00|90,87|0||0|||||||01|534,51|0,65|||3,47|01|534,51|3,00|||16,04||
|C170|3|100200||6,00000|UN|1489,92||0|000|5152||1489,92|17,00|253,29|0||0|||||||01|1489,92|0,65|||9,68|01|1489,92|3,00|||44,70||
|C170|4|040430||2,00000|UN|396,10||0|000|5152||396,10|17,00|67,34|0||0|||||||01|396,10|0,65|||2,57|01|396,10|3,00|||11,88||
|C170|5|040440||2,00000|UN|515,12||0|000|5152||515,12|17,00|87,57|0||0|||||||01|515,12|0,65|||3,35|01|515,12|3,00|||15,45||
|C170|6|100063||2,00000|UN|379,30||0|000|5152||379,30|17,00|64,48|0||0|||||||01|379,30|0,65|||2,47|01|379,30|3,00|||11,38||
|C170|7|180920||5,00000|UN|163,25||0|000|5152||163,25|17,00|27,75|0||0|||||||01|163,25|0,65|||1,06|01|163,25|3,00|||4,90||
|C170|8|180930||3,00000|UN|237,90||0|000|5152||237,90|17,00|40,44|0||0|||||||01|237,90|0,65|||1,55|01|237,90|3,00|||7,14||
|C170|9|180940||3,00000|UN|330,60||0|000|5152||330,60|17,00|56,20|0||0|||||||01|330,60|0,65|||2,15|01|330,60|3,00|||9,92||
|C170|10|120080||10,00000|UN|854,90||0|000|5152||854,90|17,00|145,33|0||0|||||||01|854,90|0,65|||5,56|01|854,90|3,00|||25,65||
|C190|000|5152|17,00|5482,72|5482,72|932,06|0|0|0|0||
|C100|1|0|800008026|01|00|U|0069520||24082011|24082011|963,64|0|||963,64|9||||963,64|163,82||||||||
|C170|1|031020||1,00000|UN|938,62||0|000|5152||938,62|17,00|159,57|0||0|||||||01|938,62|0,65|||6,10|01|938,62|3,00|||28,16||
|C170|2|812570||3,00000|UN|25,02||0|000|5152||25,02|17,00|4,25|0||0|||||||01|25,02|0,65|||0,16|01|25,02|3,00|||0,75||
|C190|000|5152|17,00|963,64|963,64|163,82|0|0|0|0||
|C100|1|0|800008026|01|00|U|0069521||24082011|24082011|340,06|0|||340,06|9||||340,06|57,81||||||||
|C170|1|180260||2,00000|UN|340,06||0|000|5152||340,06|17,00|57,81|0||0|||||||01|340,06|0,65|||2,21|01|340,06|3,00|||10,20||
|C190|000|5152|17,00|340,06|340,06|57,81|0|0|0|0||
|C100|1|0|800008026|01|00|U|0069525||24082011|24082011|2035,18|0|||2035,18|9||||2035,18|345,98||||||||
|C170|1|050870||1,00000|UN|2035,18||0|000|5152||2035,18|17,00|345,98|0||0|||||||01|2035,18|0,65|||13,23|01|2035,18|3,00|||61,06||
|C190|000|5152|17,00|2035,18|2035,18|345,98|0|0|0|0||
|C100|1|0|800008026|01|00|U|0069526||24082011|24082011|3878,65|0|||3878,65|9||||3878,65|659,37||||||||
|C170|1|030133||2,00000|UN|2228,20||0|000|5152||2228,20|17,00|378,79|0||0|||||||01|2228,20|0,65|||14,48|01|2228,20|3,00|||66,85||
|C170|2|030333||1,00000|UN|1117,45||0|000|5152||1117,45|17,00|189,97|0||0|||||||01|1117,45|0,65|||7,26|01|1117,45|3,00|||33,52||
|C170|3|290033||1,00000|UN|107,47||0|000|5152||107,47|17,00|18,27|0||0|||||||01|107,47|0,65|||0,70|01|107,47|3,00|||3,22||
|C170|4|120130||1,00000|UN|30,38||0|000|5152||30,38|17,00|5,16|0||0|||||||01|30,38|0,65|||0,20|01|30,38|3,00|||0,91||
|C170|5|120020||1,00000|UN|54,68||0|000|5152||54,68|17,00|9,30|0||0|||||||01|54,68|0,65|||0,36|01|54,68|3,00|||1,64||
|C170|6|180270||1,00000|UN|154,03||0|000|5152||154,03|17,00|26,19|0||0|||||||01|154,03|0,65|||1,00|01|154,03|3,00|||4,62||
|C170|7|890550||1,00000|UN|120,55||0|000|5152||120,55|17,00|20,49|0||0|||||||01|120,55|0,65|||0,78|01|120,55|3,00|||3,62||
|C170|8|290260||1,00000|UN|26,52||0|000|5152||26,52|17,00|4,51|0||0|||||||01|26,52|0,65|||0,17|01|26,52|3,00|||0,80||
|C170|9|902511||1,00000|UN|39,37||0|000|5152||39,37|17,00|6,69|0||0|||||||01|39,37|0,65|||0,26|01|39,37|3,00|||1,18||
|C190|000|5152|17,00|3878,65|3878,65|659,37|0|0|0|0||
|C100|1|0|800008026|01|00|U|0069527||24082011|24082011|3523,37|0|||3523,37|9||||3523,37|598,97||||||||
|C170|1|030100||1,00000|UN|1863,32||0|000|5152||1863,32|17,00|316,76|0||0|||||||01|1863,32|0,65|||12,11|01|1863,32|3,00|||55,90||
|C170|2|030293||1,00000|UN|983,37||0|000|5152||983,37|17,00|167,17|0||0|||||||01|983,37|0,65|||6,39|01|983,37|3,00|||29,50||
|C170|3|120170||1,00000|UN|182,57||0|000|5152||182,57|17,00|31,04|0||0|||||||01|182,57|0,65|||1,19|01|182,57|3,00|||5,48||
|C170|4|100200||1,00000|UN|248,32||0|000|5152||248,32|17,00|42,21|0||0|||||||01|248,32|0,65|||1,61|01|248,32|3,00|||7,45||
|C170|5|290220||1,00000|UN|48,59||0|000|5152||48,59|17,00|8,26|0||0|||||||01|48,59|0,65|||0,32|01|48,59|3,00|||1,46||
|C170|6|180270||1,00000|UN|154,03||0|000|5152||154,03|17,00|26,19|0||0|||||||01|154,03|0,65|||1,00|01|154,03|3,00|||4,62||
|C170|7|330240||1,00000|UN|43,17||0|000|5152||43,17|17,00|7,34|0||0|||||||01|43,17|0,65|||0,28|01|43,17|3,00|||1,30||
|C190|000|5152|17,00|3523,37|3523,37|598,97|0|0|0|0||
|C100|1|0|800008026|01|00|U|0069529||25082011|25082011|2628,26|0|||2628,26|9||||2628,26|446,80||||||||
|C170|1|031180||1,00000|UN|1711,88||0|000|5152||1711,88|17,00|291,02|0||0|||||||01|1711,88|0,65|||11,13|01|1711,88|3,00|||51,36||
|C170|2|040383||1,00000|UN|422,04||0|000|5152||422,04|17,00|71,75|0||0|||||||01|422,04|0,65|||2,74|01|422,04|3,00|||12,66||
|C170|3|120020||1,00000|UN|54,68||0|000|5152||54,68|17,00|9,30|0||0|||||||01|54,68|0,65|||0,36|01|54,68|3,00|||1,64||
|C170|4|180273||1,00000|UN|191,34||0|000|5152||191,34|17,00|32,53|0||0|||||||01|191,34|0,65|||1,24|01|191,34|3,00|||5,74||
|C170|5|100200||1,00000|UN|248,32||0|000|5152||248,32|17,00|42,21|0||0|||||||01|248,32|0,65|||1,61|01|248,32|3,00|||7,45||
|C190|000|5152|17,00|2628,26|2628,26|446,80|0|0|0|0||
|C100|1|0|800008026|01|00|U|0069532||27082011|27082011|3906,58|0|||3906,58|9||||3906,58|664,12||||||||
|C170|1|220600||2,00000|UN|1473,56||0|000|5152||1473,56|17,00|250,51|0||0|||||||01|1473,56|0,65|||9,58|01|1473,56|3,00|||44,21||
|C170|2|250520||1,00000|UN|554,98||0|000|5152||554,98|17,00|94,35|0||0|||||||01|554,98|0,65|||3,61|01|554,98|3,00|||16,65||
|C170|3|270010||5,00000|UN|1751,30||0|000|5152||1751,30|17,00|297,72|0||0|||||||01|1751,30|0,65|||11,38|01|1751,30|3,00|||52,54||
|C170|4|902430||1,00000|UN|126,74||0|000|5152||126,74|17,00|21,55|0||0|||||||01|126,74|0,65|||0,82|01|126,74|3,00|||3,80||
|C190|000|5152|17,00|3906,58|3906,58|664,12|0|0|0|0||
|C100|1|0|800008026|01|00|U|0069533||27082011|27082011|1540,30|0|||1540,30|9||||1540,30|261,85||||||||
|C170|1|180270||10,00000|UN|1540,30||0|000|5152||1540,30|17,00|261,85|0||0|||||||01|1540,30|0,65|||10,01|01|1540,30|3,00|||46,21||
|C190|000|5152|17,00|1540,30|1540,30|261,85|0|0|0|0||
|C100|1|0|800008026|01|00|U|0069534||27082011|27082011|1583,80|0|||1583,80|9||||1583,80|269,25||||||||
|C170|1|100040||1,00000|UN|443,35||0|000|5152||443,35|17,00|75,37|0||0|||||||01|443,35|0,65|||2,88|01|443,35|3,00|||13,30||
|C170|2|100063||1,00000|UN|189,65||0|000|5152||189,65|17,00|32,24|0||0|||||||01|189,65|0,65|||1,23|01|189,65|3,00|||5,69||
|C170|3|840620||1,00000|UN|27,32||0|000|5152||27,32|17,00|4,64|0||0|||||||01|27,32|0,65|||0,18|01|27,32|3,00|||0,82||
|C170|4|330240||1,00000|UN|43,17||0|000|5152||43,17|17,00|7,34|0||0|||||||01|43,17|0,65|||0,28|01|43,17|3,00|||1,30||
|C170|5|330010||1,00000|UN|67,53||0|000|5152||67,53|17,00|11,48|0||0|||||||01|67,53|0,65|||0,44|01|67,53|3,00|||2,03||
|C170|6|120080||1,00000|UN|85,49||0|000|5152||85,49|17,00|14,53|0||0|||||||01|85,49|0,65|||0,56|01|85,49|3,00|||2,56||
|C170|7|900450||1,00000|UN|22,66||0|000|5152||22,66|17,00|3,85|0||0|||||||01|22,66|0,65|||0,15|01|22,66|3,00|||0,68||
|C170|8|950310||1,00000|UN|70,24||0|000|5152||70,24|17,00|11,94|0||0|||||||01|70,24|0,65|||0,46|01|70,24|3,00|||2,11||
|C170|9|950440||1,00000|UN|625,08||0|000|5152||625,08|17,00|106,26|0||0|||||||01|625,08|0,65|||4,06|01|625,08|3,00|||18,75||
|C170|10|910670||1,00000|UN|9,31||0|000|5152||9,31|17,00|1,58|0||0|||||||01|9,31|0,65|||0,06|01|9,31|3,00|||0,28||
|C190|000|5152|17,00|1583,80|1583,80|269,25|0|0|0|0||
|C100|1|0|800008026|01|00|U|0069535||29082011|29082011|200,56|0|||200,56|9||||200,56|34,10||||||||
|C170|1|890370||1,00000|UN|200,56||0|000|5152||200,56|17,00|34,10|0||0|||||||01|200,56|0,65|||1,30|01|200,56|3,00|||6,02||
|C190|000|5152|17,00|200,56|200,56|34,10|0|0|0|0||
|C100|1|0|800008026|01|00|U|0069538||29082011|29082011|5744,43|0|||5744,43|9||||5744,43|976,55||||||||
|C170|1|030363||1,00000|UN|669,00||0|000|5152||669,00|17,00|113,73|0||0|||||||01|669,00|0,65|||4,35|01|669,00|3,00|||20,07||
|C170|2|030373||1,00000|UN|738,61||0|000|5152||738,61|17,00|125,56|0||0|||||||01|738,61|0,65|||4,80|01|738,61|3,00|||22,16||
|C170|3|040183||1,00000|UN|547,75||0|000|5152||547,75|17,00|93,12|0||0|||||||01|547,75|0,65|||3,56|01|547,75|3,00|||16,43||
|C170|4|031150||1,00000|UN|1075,02||0|000|5152||1075,02|17,00|182,75|0||0|||||||01|1075,02|0,65|||6,99|01|1075,02|3,00|||32,25||
|C170|5|040570||1,00000|UN|112,38||0|000|5152||112,38|17,00|19,10|0||0|||||||01|112,38|0,65|||0,73|01|112,38|3,00|||3,37||
|C170|6|031260||1,00000|UN|345,44||0|000|5152||345,44|17,00|58,72|0||0|||||||01|345,44|0,65|||2,25|01|345,44|3,00|||10,36||
|C170|7|220133||1,00000|UN|997,04||0|000|5152||997,04|17,00|169,50|0||0|||||||01|997,04|0,65|||6,48|01|997,04|3,00|||29,91||
|C170|8|250520||1,00000|UN|554,98||0|000|5152||554,98|17,00|94,35|0||0|||||||01|554,98|0,65|||3,61|01|554,98|3,00|||16,65||
|C170|9|180273||1,00000|UN|191,34||0|000|5152||191,34|17,00|32,53|0||0|||||||01|191,34|0,65|||1,24|01|191,34|3,00|||5,74||
|C170|10|100210||1,00000|UN|232,48||0|000|5152||232,48|17,00|39,52|0||0|||||||01|232,48|0,65|||1,51|01|232,48|3,00|||6,97||
|C170|11|180230||1,00000|UN|49,23||0|000|5152||49,23|17,00|8,37|0||0|||||||01|49,23|0,65|||0,32|01|49,23|3,00|||1,48||
|C170|12|290220||1,00000|UN|48,59||0|000|5152||48,59|17,00|8,26|0||0|||||||01|48,59|0,65|||0,32|01|48,59|3,00|||1,46||
|C170|13|120170||1,00000|UN|182,57||0|000|5152||182,57|17,00|31,04|0||0|||||||01|182,57|0,65|||1,19|01|182,57|3,00|||5,48||
|C190|000|5152|17,00|5744,43|5744,43|976,55|0|0|0|0||
|C100|1|0|800008026|01|00|U|0069539||29082011|29082011|177,01|0|||177,01|9||||177,01|30,09||||||||
|C170|1|120080||1,00000|UN|85,49||0|000|5152||85,49|17,00|14,53|0||0|||||||01|85,49|0,65|||0,56|01|85,49|3,00|||2,56||
|C170|2|330250||1,00000|UN|58,97||0|000|5152||58,97|17,00|10,02|0||0|||||||01|58,97|0,65|||0,38|01|58,97|3,00|||1,77||
|C170|3|910782||1,00000|UN|32,55||0|000|5152||32,55|17,00|5,53|0||0|||||||01|32,55|0,65|||0,21|01|32,55|3,00|||0,98||
|C190|000|5152|17,00|177,01|177,01|30,09|0|0|0|0||
|C100|1|0|800008026|01|00|U|0069543||30082011|30082011|1254,03|0|||1254,03|9||||1254,03|213,19||||||||
|C170|1|040203||1,00000|UN|1030,72||0|000|5152||1030,72|17,00|175,22|0||0|||||||01|1030,72|0,65|||6,70|01|1030,72|3,00|||30,92||
|C170|2|090240||1,00000|UN|34,93||0|000|5152||34,93|17,00|5,94|0||0|||||||01|34,93|0,65|||0,23|01|34,93|3,00|||1,05||
|C170|3|120130||1,00000|UN|30,38||0|000|5152||30,38|17,00|5,16|0||0|||||||01|30,38|0,65|||0,20|01|30,38|3,00|||0,91||
|C170|4|200520||1,00000|UN|97,65||0|000|5152||97,65|17,00|16,60|0||0|||||||01|97,65|0,65|||0,63|01|97,65|3,00|||2,93||
|C170|5|290290||1,00000|UN|60,35||0|000|5152||60,35|17,00|10,26|0||0|||||||01|60,35|0,65|||0,39|01|60,35|3,00|||1,81||
|C190|000|5152|17,00|1254,03|1254,03|213,19|0|0|0|0||
|C100|1|0|800008026|01|00|U|0069544||31082011|31082011|2087,79|0|||2087,79|9||||2087,79|354,92||||||||
|C170|1|220353||1,00000|UN|1842,91||0|000|5152||1842,91|17,00|313,29|0||0|||||||01|1842,91|0,65|||11,98|01|1842,91|3,00|||55,29||
|C170|2|290200||4,00000|UN|244,88||0|000|5152||244,88|17,00|41,63|0||0|||||||01|244,88|0,65|||1,59|01|244,88|3,00|||7,35||
|C190|000|5152|17,00|2087,79|2087,79|354,92|0|0|0|0||
|C100|1|0|2421|01|00|U|0069418||02082011|02082011|199,00|0|||199,00|9||||0|0||||||||
|C170|1|890560||1,00000|UN|199,00||0|041|5949|||||0||0|||||||99||||||99|||||||
|C190|041|5949||199,00|0|0|0|0|0|0||
|C100|1|0|800007183|01|00|U|0069523||24082011|24082011|873,00|0|||873,00|9||||0|0||||||||
|C170|1|040143||1,00000|UN|873,00||0|041|5949|||||0||0|||||||99||||||99|||||||
|C190|041|5949||873,00|0|0|0|0|0|0||
|C100|1|0|800007018|01|00|U|0069423||03082011|03082011|399,00|0|||399,00|9||||0|0||||||||
|C170|1|100200||1,00000|UN|399,00||0|041|5949|||||0||0|||||||99||||||99|||||||
|C190|041|5949||399,00|0|0|0|0|0|0||
|C100|1|0|800006994|01|00|U|0069427||03082011|03082011|4348,00|0|||4348,00|9||||0|0||||||||
|C170|1|030103||1,00000|UN|2699,00||0|041|5949|||||0||0|||||||99||||||99|||||||
|C170|2|031073||1,00000|UN|1649,00||0|041|5949|||||0||0|||||||99||||||99|||||||
|C190|041|5949||4348,00|0|0|0|0|0|0||
|C100|1|0|800006994|01|00|U|0069545||31082011|31082011|1722,48|0|||1722,48|9||||0|0||||||||
|C170|1|290170||2,00000|UN|1190,04||0|041|5915|||||0||0|||||||99||||||99|||||||
|C170|2|290180||2,00000|UN|53,78||0|041|5915|||||0||0|||||||99||||||99|||||||
|C170|3|290200||2,00000|UN|122,44||0|041|5915|||||0||0|||||||99||||||99|||||||
|C170|4|290210||1,00000|UN|187,10||0|041|5915|||||0||0|||||||99||||||99|||||||
|C170|5|290190||1,00000|UN|30,53||0|041|5915|||||0||0|||||||99||||||99|||||||
|C170|6|290230||1,00000|UN|66,26||0|041|5915|||||0||0|||||||99||||||99|||||||
|C170|7|290250||1,00000|UN|72,33||0|041|5915|||||0||0|||||||99||||||99|||||||
|C190|041|5915||1722,48|0|0|0|0|0|0||
|C100|1|0|800008028|01|00|U|0069416||02082011|02082011|5896,54|0|||4535,80|9||||4535,80|317,51||||||||
|C170|1|031140||5,00000|UN|4535,80||0|000|6202||4535,80|7,00|317,51|0||0|||||||01|4535,80|0,65|||29,48|01|4535,80|3,00|||136,07||
|C190|000|6202|7,00|5896,54|4535,80|317,51|0|0|0|0||
|C100|0|1|800008028|01|00|1|0042817||03082011|18082011|3029,62|0|||2164,02|1|432,80|||1,00|0,12||||||||
|C170|1|030383||3,00000|UN|2164,02||0|000|2102||1,00|12,00|0,12|0||0|||||||01|2164,02||||0|01|2164,02||||0||
|C190|000|2102|12,00|3029,62|1,00|0,12|0|0|0|0||
|C100|1|0|800007176|01|00|U|0069455||09082011|09082011|1008,30|0|||1008,30|9||||1008,30|70,58||||||||
|C170|1|250450||1,00000|UN|1008,30||0|000|6202||1008,30|7,00|70,58|0||0|||||||01|1008,30|0,65|||6,55|01|1008,30|3,00|||30,25||
|C190|000|6202|7,00|1008,30|1008,30|70,58|0|0|0|0||
|C100|0|1|800008026|01|00|1|0008874||22082011|22082011|1863,32|0|||1863,32|9||||1863,32|316,76||||||||
|C170|1|030100||1,00000|UN|1863,32||0|000|1152||1863,32|17,00|316,76|0||0||||||||||||||||||||
|C190|000|1152|17,00|1863,32|1863,32|316,76|0|0|0|0||
|C100|0|1|800008026|01|00|1|0008876||23082011|23082011|43,17|0|||43,17|9||||43,17|7,34||||||||
|C170|1|330240||1,00000|UN|43,17||0|000|1152||43,17|17,00|7,34|0||0||||||||||||||||||||
|C190|000|1152|17,00|43,17|43,17|7,34|0|0|0|0||
|C100|0|1|800008026|01|00|1|0008878||23082011|23082011|53,12|0|||53,12|9||||53,12|9,03||||||||
|C170|1|180280||1,00000|UN|53,12||0|000|1152||53,12|17,00|9,03|0||0||||||||||||||||||||
|C190|000|1152|17,00|53,12|53,12|9,03|0|0|0|0||
|C100|0|1|800008026|01|00|1|0008879||23082011|23082011|180,44|0|||180,44|9||||180,44|30,67||||||||
|C170|1|880250||2,00000|UN|180,44||0|000|1152||180,44|17,00|30,67|0||0||||||||||||||||||||
|C190|000|1152|17,00|180,44|180,44|30,67|0|0|0|0||
|C100|0|1|800008026|01|00|1|0008880||24082011|24082011|129,73|0|||129,73|9||||91,72|15,59||||||||
|C170|1|880210||2,00000|UN|91,72||0|000|1152||91,72|17,00|15,59|0||0||||||||||||||||||||
|C170|2|980310||3,00000|UN|38,01||0|041|1152|||||0||0||||||||||||||||||||
|C190|000|1152|17,00|91,72|91,72|15,59|0|0|0|0||
|C190|041|1152||38,01|0|0|0|0|0|0||
|C100|0|1|800008026|01|00|1|0008881||24082011|24082011|106,24|0|||106,24|9||||0|0||||||||
|C170|1|180860||2,00000|UN|106,24||0|041|1152|||||0||0||||||||||||||||||||
|C190|041|1152||106,24|0|0|0|0|0|0||
|C100|0|1|800008026|01|00|1|0008884||24082011|24082011|1085,32|0|||1085,32|9||||1085,32|184,50||||||||
|C170|1|040223||1,00000|UN|984,09||0|000|1152||984,09|17,00|167,30|0||0||||||||||||||||||||
|C170|2|330240||1,00000|UN|43,17||0|000|1152||43,17|17,00|7,34|0||0||||||||||||||||||||
|C170|3|680930||1,00000|UN|58,06||0|000|1152||58,06|17,00|9,87|0||0||||||||||||||||||||
|C190|000|1152|17,00|1085,32|1085,32|184,50|0|0|0|0||
|C100|0|1|800008026|01|00|1|0008885||24082011|24082011|151,85|0|||151,85|9||||151,85|25,81||||||||
|C170|1|500380||2,00000|UN|41,76||0|000|1152||41,76|17,00|7,10|0||0||||||||||||||||||||
|C170|2|890240||1,00000|UN|79,53||0|000|1152||79,53|17,00|13,52|0||0||||||||||||||||||||
|C170|3|901712||2,00000|UN|30,56||0|000|1152||30,56|17,00|5,20|0||0||||||||||||||||||||
|C190|000|1152|17,00|151,85|151,85|25,81|0|0|0|0||
|C100|0|1|800008026|01|00|1|0008887||26082011|26082011|60,60|0|||60,60|9||||60,60|10,30||||||||
|C170|1|150420||1,00000|UN|60,60||0|000|1152||60,60|17,00|10,30|0||0||||||||||||||||||||
|C190|000|1152|17,00|60,60|60,60|10,30|0|0|0|0||
|C100|0|1|800008026|01|00|1|0008888||26082011|26082011|26,76|0|||26,76|9||||26,76|4,55||||||||
|C170|1|501190||2,00000|UN|26,76||0|000|1152||26,76|17,00|4,55|0||0||||||||||||||||||||
|C190|000|1152|17,00|26,76|26,76|4,55|0|0|0|0||
|C100|0|1|800008026|01|00|1|0008893||29082011|29082011|75,74|0|||75,74|9||||75,74|12,88||||||||
|C170|1|150070||1,00000|UN|33,66||0|000|1152||33,66|17,00|5,72|0||0||||||||||||||||||||
|C170|2|680280||1,00000|UN|21,94||0|000|1152||21,94|17,00|3,73|0||0||||||||||||||||||||
|C170|3|970210||1,00000|UN|20,14||0|000|1152||20,14|17,00|3,42|0||0||||||||||||||||||||
|C190|000|1152|17,00|75,74|75,74|12,88|0|0|0|0||
|C100|0|1|800008026|01|00|1|0008895||29082011|29082011|267,32|0|||267,32|9||||267,32|45,44||||||||
|C170|1|180273||1,00000|UN|191,34||0|000|1152||191,34|17,00|32,53|0||0||||||||||||||||||||
|C170|2|330030||1,00000|UN|75,98||0|000|1152||75,98|17,00|12,92|0||0||||||||||||||||||||
|C190|000|1152|17,00|267,32|267,32|45,44|0|0|0|0||
|C100|0|1|800008026|01|00|1|0008898||29082011|29082011|479,03|0|||479,03|9||||479,03|81,44||||||||
|C170|1|100200||1,00000|UN|248,32||0|000|1152||248,32|17,00|42,21|0||0||||||||||||||||||||
|C170|2|180273||1,00000|UN|191,34||0|000|1152||191,34|17,00|32,53|0||0||||||||||||||||||||
|C170|3|902511||1,00000|UN|39,37||0|000|1152||39,37|17,00|6,69|0||0||||||||||||||||||||
|C190|000|1152|17,00|479,03|479,03|81,44|0|0|0|0||
|C100|0|1|800008026|01|00|1|0008899||29082011|29082011|170,03|0|||170,03|9||||170,03|28,91||||||||
|C170|1|180260||1,00000|UN|170,03||0|000|1152||170,03|17,00|28,91|0||0||||||||||||||||||||
|C190|000|1152|17,00|170,03|170,03|28,91|0|0|0|0||
|C100|0|1|800008026|01|00|1|0008900||30082011|30082011|1064,98|0|||1064,98|9||||1064,98|181,05||||||||
|C170|1|031160||1,00000|UN|1064,98||0|000|1152||1064,98|17,00|181,05|0||0||||||||||||||||||||
|C190|000|1152|17,00|1064,98|1064,98|181,05|0|0|0|0||
|C100|0|1|800008026|01|00|1|0008901||30082011|30082011|3013,56|0|||3013,56|9||||3013,56|512,31||||||||
|C170|1|180910||1,00000|UN|3013,56||0|000|1152||3013,56|17,00|512,31|0||0||||||||||||||||||||
|C190|000|1152|17,00|3013,56|3013,56|512,31|0|0|0|0||
|C100|0|1|800008026|01|00|1|0008902||30082011|30082011|83,58|0|||83,58|9||||83,58|14,21||||||||
|C170|1|101540||6,00000|UN|83,58||0|000|1152||83,58|17,00|14,21|0||0||||||||||||||||||||
|C190|000|1152|17,00|83,58|83,58|14,21|0|0|0|0||
|C100|0|1|800008026|01|00|1|0008903||31082011|31082011|7647,51|0|||7647,51|9||||7647,51|1300,08||||||||
|C170|1|030113||1,00000|UN|1743,33||0|000|1152||1743,33|17,00|296,37|0||0||||||||||||||||||||
|C170|2|030133||1,00000|UN|1114,10||0|000|1152||1114,10|17,00|189,40|0||0||||||||||||||||||||
|C170|3|040550||1,00000|UN|89,25||0|000|1152||89,25|17,00|15,17|0||0||||||||||||||||||||
|C170|4|030433||2,00000|UN|946,74||0|000|1152||946,74|17,00|160,95|0||0||||||||||||||||||||
|C170|5|040123||1,00000|UN|456,56||0|000|1152||456,56|17,00|77,62|0||0||||||||||||||||||||
|C170|6|050870||1,00000|UN|2035,18||0|000|1152||2035,18|17,00|345,98|0||0||||||||||||||||||||
|C170|7|050920||1,00000|UN|574,37||0|000|1152||574,37|17,00|97,64|0||0||||||||||||||||||||
|C170|8|180273||1,00000|UN|191,34||0|000|1152||191,34|17,00|32,53|0||0||||||||||||||||||||
|C170|9|100200||2,00000|UN|496,64||0|000|1152||496,64|17,00|84,43|0||0||||||||||||||||||||
|C190|000|1152|17,00|7647,51|7647,51|1300,08|0|0|0|0||
|C100|1|0|800007184|01|00|U|0069401||01082011|01082011|700,00|0|||700,00|9||||0|0||||||||
|C170|1|040123||1,00000|UN|700,00||0|041|5949|||||0||0|||||||99||||||99|||||||
|C190|041|5949||700,00|0|0|0|0|0|0||
|C100|1|0|800007185|01|00|U|0069512||20082011|20082011|1300,00|0|||1300,00|9||||0|0||||||||
|C170|1|030113||1,00000|UN|1300,00||0|041|5949|||||0||0|||||||99||||||99|||||||
|C190|041|5949||1300,00|0|0|0|0|0|0||
|C100|1|0|800007186|01|00|U|0069408||01082011|01082011|2132,00|0|||2132,00|9||||0|0||||||||
|C170|1|030960||1,00000|UN|720,00||0|041|5949|||||0||0|||||||99||||||99|||||||
|C170|2|030970||1,00000|UN|1412,00||0|041|5949|||||0||0|||||||99||||||99|||||||
|C190|041|5949||2132,00|0|0|0|0|0|0||
|C100|1|0|800007186|01|00|U|0069409||01082011|01082011|1070,00|0|||1070,00|9||||0|0||||||||
|C170|1|030543||1,00000|UN|674,00||0|041|5949|||||0||0|||||||99||||||99|||||||
|C170|2|100160||1,00000|UN|396,00||0|041|5949|||||0||0|||||||99||||||99|||||||
|C190|041|5949||1070,00|0|0|0|0|0|0||
|C100|1|0|800007186|01|00|U|0069410||01082011|01082011|521,00|0|||521,00|9||||0|0||||||||
|C170|1|031260||1,00000|UN|521,00||0|041|5949|||||0||0|||||||99||||||99|||||||
|C190|041|5949||521,00|0|0|0|0|0|0||
|C100|1|0|800007186|01|00|U|0069399||01082011|01082011|535,00|0|||535,00|9||||0|0||||||||
|C170|1|030543||1,00000|UN|337,00||0|041|5949|||||0||0|||||||99||||||99|||||||
|C170|2|100160||1,00000|UN|198,00||0|041|5949|||||0||0|||||||99||||||99|||||||
|C190|041|5949||535,00|0|0|0|0|0|0||
|C100|1|0|800007177|01|00|U|0069485||16082011|16082011|499,00|0|||499,00|9||||0|0||||||||
|C170|1|950360||1,00000|UN|499,00||0|041|5949|||||0||0|||||||99||||||99|||||||
|C190|041|5949||499,00|0|0|0|0|0|0||
|C100|1|0|800007187|01|00|U|0069522||24082011|24082011|749,00|0|||749,00|9||||0|0||||||||
|C170|1|220100||1,00000|UN|749,00||0|041|5949|||||0||0|||||||99||||||99|||||||
|C190|041|5949||749,00|0|0|0|0|0|0||
|C100|1|0|800007188|01|00|U|0069500||18082011|18082011|1775,00|0|||1775,00|9||||0|0||||||||
|C170|1|030333||1,00000|UN|1775,00||0|041|5949|||||0||0|||||||99||||||99|||||||
|C190|041|5949||1775,00|0|0|0|0|0|0||
|C100|1|0|800007189|01|00|U|0069519||24082011|24082011|3945,00|0|||3945,00|9||||0|0||||||||
|C170|1|040133||5,00000|UN|3945,00||0|041|5949|||||0||0|||||||99||||||99|||||||
|C190|041|5949||3945,00|0|0|0|0|0|0||
|C100|1|0|800007175|01|00|U|0069438||04082011|04082011|610,00|0|||610,00|9||||0|0||||||||
|C170|1|040453||1,00000|UN|610,00||0|041|5949|||||0||0|||||||99||||||99|||||||
|C190|041|5949||610,00|0|0|0|0|0|0||
|C100|1|0|800007190|01|00|U|0069403||01082011|01082011|39,00|0|||39,00|9||||0|0||||||||
|C170|1|650200||1,00000|UN|39,00||0|041|5949|||||0||0|||||||99||||||99|||||||
|C190|041|5949||39,00|0|0|0|0|0|0||
|C100|1|0|7125|01|00|U|0069430||03082011|03082011|2849,00|0|||2849,00|9||||0|0||||||||
|C170|1|031200||1,00000|UN|2849,00||0|041|5949|||||0||0|||||||99||||||99|||||||
|C190|041|5949||2849,00|0|0|0|0|0|0||
|C100|1|0|7125|01|00|U|0069431||03082011|03082011|1044,00|0|||1044,00|9||||0|0||||||||
|C170|1|030553||1,00000|UN|1044,00||0|041|5949|||||0||0|||||||99||||||99|||||||
|C190|041|5949||1044,00|0|0|0|0|0|0||
|C100|1|0|7125|01|00|U|0069432||03082011|03082011|1737,00|0|||1737,00|9||||0|0||||||||
|C170|1|030333||1,00000|UN|1737,00||0|041|5949|||||0||0|||||||99||||||99|||||||
|C190|041|5949||1737,00|0|0|0|0|0|0||
|C100|1|0|800007191|01|00|U|0069456||09082011|09082011|789,00|0|||789,00|9||||0|0||||||||
|C170|1|040133||1,00000|UN|789,00||0|041|5949|||||0||0|||||||99||||||99|||||||
|C190|041|5949||789,00|0|0|0|0|0|0||
|C100|1|0|800007192|01|00|U|0069531||26082011|26082011|147,00|0|||147,00|9||||0|0||||||||
|C170|1|060310||1,00000|UN|147,00||0|041|5949|||||0||0|||||||99||||||99|||||||
|C190|041|5949||147,00|0|0|0|0|0|0||
|C100|1|0|800007193|01|00|U|0069530||25082011|25082011|349,00|0|||349,00|9||||0|0||||||||
|C170|1|060300||1,00000|UN|349,00||0|041|5949|||||0||0|||||||99||||||99|||||||
|C190|041|5949||349,00|0|0|0|0|0|0||
|C100|1|0|800007194|01|00|U|0069481||16082011|16082011|259,00|0|||259,00|9||||0|0||||||||
|C170|1|290060||1,00000|UN|259,00||0|041|5949|||||0||0|||||||99||||||99|||||||
|C190|041|5949||259,00|0|0|0|0|0|0||
|C100|1|0|800007194|01|00|U|0069482||16082011|16082011|99,00|0|||99,00|9||||0|0||||||||
|C170|1|150420||1,00000|UN|99,00||0|041|5949|||||0||0|||||||99||||||99|||||||
|C190|041|5949||99,00|0|0|0|0|0|0||
|C100|0|1|800007040|55|00|3|000018671|35110860963378000112550030000186711279232679|10082011|29082011|11305,34|1|||10120,80|1||||10120,80|708,46||||||||
|C170|1|902200||4,00000|JG|44,08||0|000|2102||44,08|7,00|3,09|0||0||||||||||||||||||||
|C170|2|902200||4,00000|JG|44,32||0|000|2102||44,32|7,00|3,10|0||0||||||||||||||||||||
|C170|3|900610||6,00000|PC|34,20||0|000|2102||34,20|7,00|2,39|0||0||||||||||||||||||||
|C170|4|902870||2,00000|PC|67,50||0|000|2102||67,50|7,00|4,72|0||0||||||||||||||||||||
|C170|5|900740||4,00000|JG|273,00||0|000|2102||273,00|7,00|19,11|0||0||||||||||||||||||||
|C170|6|900081||4,00000|PC|22,24||0|000|2102||22,24|7,00|1,56|0||0||||||||||||||||||||
|C170|7|900750||2,00000|JG|255,00||0|000|2102||255,00|7,00|17,85|0||0||||||||||||||||||||
|C170|8|902450||2,00000|PC|231,00||0|000|2102||231,00|7,00|16,17|0||0||||||||||||||||||||
|C170|9|903070||4,00000|PC|30,16||0|000|2102||30,16|7,00|2,11|0||0||||||||||||||||||||
|C170|10|900910||4,00000|PC|61,88||0|000|2102||61,88|7,00|4,33|0||0||||||||||||||||||||
|C170|11|900911||4,00000|PC|77,12||0|000|2102||77,12|7,00|5,40|0||0||||||||||||||||||||
|C170|12|901861||2,00000|PC|43,04||0|000|2102||43,04|7,00|3,01|0||0||||||||||||||||||||
|C170|13|903081||6,00000|JG|764,52||0|000|2102||764,52|7,00|53,52|0||0||||||||||||||||||||
|C170|14|903080||8,00000|JG|509,36||0|000|2102||509,36|7,00|35,66|0||0||||||||||||||||||||
|C170|15|902270||2,00000|PC|113,60||0|000|2102||113,60|7,00|7,95|0||0||||||||||||||||||||
|C170|16|900121||6,00000|PC|56,22||0|000|2102||56,22|7,00|3,94|0||0||||||||||||||||||||
|C170|17|901410||6,00000|PC|294,72||0|000|2102||294,72|7,00|20,63|0||0||||||||||||||||||||
|C170|18|901411||4,00000|PC|155,40||0|000|2102||155,40|7,00|10,88|0||0||||||||||||||||||||
|C170|19|900980||6,00000|PC|89,52||0|000|2102||89,52|7,00|6,27|0||0||||||||||||||||||||
|C170|20|902920||2,00000|PC|87,30||0|000|2102||87,30|7,00|6,11|0||0||||||||||||||||||||
|C170|21|902930||4,00000|PC|30,76||0|000|2102||30,76|7,00|2,15|0||0||||||||||||||||||||
|C170|22|902500||4,00000|PC|90,00||0|000|2102||90,00|7,00|6,30|0||0||||||||||||||||||||
|C170|23|902250||4,00000|PC|250,48||0|000|2102||250,48|7,00|17,53|0||0||||||||||||||||||||
|C170|24|902930||4,00000|PC|30,76||0|000|2102||30,76|7,00|2,15|0||0||||||||||||||||||||
|C170|25|902940||4,00000|PC|40,48||0|000|2102||40,48|7,00|2,83|0||0||||||||||||||||||||
|C170|26|903563||4,00000|PC|25,48||0|000|2102||25,48|7,00|1,78|0||0||||||||||||||||||||
|C170|27|901000||4,00000|JG|75,88||0|000|2102||75,88|7,00|5,31|0||0||||||||||||||||||||
|C170|28|902171||4,00000|JG|556,48||0|000|2102||556,48|7,00|38,95|0||0||||||||||||||||||||
|C170|29|902811||4,00000|PC|26,96||0|000|2102||26,96|7,00|1,89|0||0||||||||||||||||||||
|C170|30|902811||4,00000|PC|26,96||0|000|2102||26,96|7,00|1,89|0||0||||||||||||||||||||
|C170|31|902810||4,00000|PC|52,36||0|000|2102||52,36|7,00|3,67|0||0||||||||||||||||||||
|C170|32|901282||6,00000|PC|51,90||0|000|2102||51,90|7,00|3,63|0||0||||||||||||||||||||
|C170|33|902401||4,00000|PC|18,40||0|000|2102||18,40|7,00|1,29|0||0||||||||||||||||||||
|C170|34|902401||4,00000|PC|18,40||0|000|2102||18,40|7,00|1,29|0||0||||||||||||||||||||
|C170|35|900957||6,00000|JG|30,96||0|000|2102||30,96|7,00|2,17|0||0||||||||||||||||||||
|C170|36|900241||4,00000|PC|30,76||0|000|2102||30,76|7,00|2,15|0||0||||||||||||||||||||
|C170|37|901473||4,00000|PC|24,88||0|000|2102||24,88|7,00|1,74|0||0||||||||||||||||||||
|C170|38|901473||4,00000|PC|24,88||0|000|2102||24,88|7,00|1,74|0||0||||||||||||||||||||
|C170|39|903192||6,00000|PC|27,90||0|000|2102||27,90|7,00|1,95|0||0||||||||||||||||||||
|C170|40|903190||6,00000|PC|27,90||0|000|2102||27,90|7,00|1,95|0||0||||||||||||||||||||
|C170|41|900971||4,00000|PC|11,68||0|000|2102||11,68|7,00|0,82|0||0||||||||||||||||||||
|C170|42|900071||4,00000|JG|294,00||0|000|2102||294,00|7,00|20,58|0||0||||||||||||||||||||
|C170|43|900954||6,00000|JG|49,50||0|000|2102||49,50|7,00|3,46|0||0||||||||||||||||||||
|C170|44|901701||4,00000|PC|55,48||0|000|2102||55,48|7,00|3,88|0||0||||||||||||||||||||
|C170|45|901671||4,00000|PC|66,60||0|000|2102||66,60|7,00|4,66|0||0||||||||||||||||||||
|C170|46|903480||24,00000|PC|48,48||0|000|2102||48,48|7,00|3,39|0||0||||||||||||||||||||
|C170|47|903490||48,00000|PC|192,00||0|000|2102||192,00|7,00|13,44|0||0||||||||||||||||||||
|C170|48|900491||2,00000|PC|172,50||0|000|2102||172,50|7,00|12,07|0||0||||||||||||||||||||
|C170|49|901541||4,00000|PC|75,00||0|000|2102||75,00|7,00|5,25|0||0||||||||||||||||||||
|C170|50|900061||6,00000|JG|29,22||0|000|2102||29,22|7,00|2,05|0||0||||||||||||||||||||
|C170|51|901441||4,00000|PC|43,64||0|000|2102||43,64|7,00|3,05|0||0||||||||||||||||||||
|C170|52|900913||4,00000|PC|68,68||0|000|2102||68,68|7,00|4,81|0||0||||||||||||||||||||
|C170|53|903560||4,00000|PC|98,40||0|000|2102||98,40|7,00|6,89|0||0||||||||||||||||||||
|C170|54|900914||4,00000|PC|45,40||0|000|2102||45,40|7,00|3,18|0||0||||||||||||||||||||
|C170|55|900914||2,00000|PC|22,70||0|000|2102||22,70|7,00|1,59|0||0||||||||||||||||||||
|C170|56|900062||6,00000|PC|53,52||0|000|2102||53,52|7,00|3,75|0||0||||||||||||||||||||
|C170|57|900063||6,00000|PC|27,00||0|000|2102||27,00|7,00|1,89|0||0||||||||||||||||||||
|C170|58|900064||6,00000|PC|27,00||0|000|2102||27,00|7,00|1,89|0||0||||||||||||||||||||
|C170|59|901671||4,00000|PC|66,60||0|000|2102||66,60|7,00|4,66|0||0||||||||||||||||||||
|C170|60|900231||4,00000|JG|133,20||0|000|2102||133,20|7,00|9,32|0||0||||||||||||||||||||
|C170|61|902172||4,00000|JG|546,60||0|000|2102||546,60|7,00|38,26|0||0||||||||||||||||||||
|C170|62|901940||4,00000|PC|23,20||0|000|2102||23,20|7,00|1,62|0||0||||||||||||||||||||
|C170|63|901930||4,00000|PC|20,84||0|000|2102||20,84|7,00|1,46|0||0||||||||||||||||||||
|C170|64|901930||4,00000|PC|21,60||0|000|2102||21,60|7,00|1,51|0||0||||||||||||||||||||
|C170|65|901930||4,00000|PC|21,60||0|000|2102||21,60|7,00|1,51|0||0||||||||||||||||||||
|C170|66|901930||4,00000|PC|21,60||0|000|2102||21,60|7,00|1,51|0||0||||||||||||||||||||
|C170|67|901930||4,00000|PC|21,60||0|000|2102||21,60|7,00|1,51|0||0||||||||||||||||||||
|C170|68|900331||3,00000|PC|72,00||0|000|2102||72,00|7,00|5,04|0||0||||||||||||||||||||
|C170|69|902020||4,00000|PC|134,68||0|000|2102||134,68|7,00|9,43|0||0||||||||||||||||||||
|C170|70|900693||2,00000|PC|68,84||0|000|2102||68,84|7,00|4,82|0||0||||||||||||||||||||
|C170|71|900431||4,00000|JG|39,88||0|000|2102||39,88|7,00|2,79|0||0||||||||||||||||||||
|C170|72|900431||4,00000|JG|39,88||0|000|2102||39,88|7,00|2,79|0||0||||||||||||||||||||
|C170|73|900431||6,00000|JG|62,10||0|000|2102||62,10|7,00|4,35|0||0||||||||||||||||||||
|C170|74|900431||4,00000|JG|41,40||0|000|2102||41,40|7,00|2,90|0||0||||||||||||||||||||
|C170|75|900431||4,00000|JG|41,40||0|000|2102||41,40|7,00|2,90|0||0||||||||||||||||||||
|C170|76|900431||6,00000|JG|62,10||0|000|2102||62,10|7,00|4,35|0||0||||||||||||||||||||
|C170|77|900431||4,00000|JG|41,40||0|000|2102||41,40|7,00|2,90|0||0||||||||||||||||||||
|C170|78|900253||6,00000|JG|89,10||0|000|2102||89,10|7,00|6,24|0||0||||||||||||||||||||
|C170|79|901672||4,00000|PC|89,68||0|000|2102||89,68|7,00|6,28|0||0||||||||||||||||||||
|C170|80|900122||4,00000|PC|45,00||0|000|2102||45,00|7,00|3,15|0||0||||||||||||||||||||
|C170|81|900122||4,00000|PC|45,00||0|000|2102||45,00|7,00|3,15|0||0||||||||||||||||||||
|C170|82|900122||4,00000|PC|45,00||0|000|2102||45,00|7,00|3,15|0||0||||||||||||||||||||
|C170|83|900122||4,00000|PC|45,00||0|000|2102||45,00|7,00|3,15|0||0||||||||||||||||||||
|C170|84|900122||4,00000|PC|45,00||0|000|2102||45,00|7,00|3,15|0||0||||||||||||||||||||
|C170|85|900122||4,00000|PC|45,00||0|000|2102||45,00|7,00|3,15|0||0||||||||||||||||||||
|C170|86|900122||4,00000|PC|45,00||0|000|2102||45,00|7,00|3,15|0||0||||||||||||||||||||
|C170|87|900850||2,00000|JG|67,34||0|000|2102||67,34|7,00|4,71|0||0||||||||||||||||||||
|C170|88|900432||6,00000|PC|31,02||0|000|2102||31,02|7,00|2,17|0||0||||||||||||||||||||
|C170|89|900055||4,00000|JG|116,68||0|000|2102||116,68|7,00|8,17|0||0||||||||||||||||||||
|C170|90|902950||4,00000|PC|35,68||0|000|2102||35,68|7,00|2,50|0||0||||||||||||||||||||
|C170|91|902960||2,00000|PC|10,80||0|000|2102||10,80|7,00|0,76|0||0||||||||||||||||||||
|C170|92|902970||2,00000|PC|13,42||0|000|2102||13,42|7,00|0,94|0||0||||||||||||||||||||
|C170|93|900800||4,00000|PC|177,40||0|000|2102||177,40|7,00|12,42|0||0||||||||||||||||||||
|C170|94|901460||4,00000|PC|129,44||0|000|2102||129,44|7,00|9,06|0||0||||||||||||||||||||
|C170|95|900872||6,00000|PC|276,72||0|000|2102||276,72|7,00|19,37|0||0||||||||||||||||||||
|C170|96|900031||4,00000|PC|147,00||0|000|2102||147,00|7,00|10,29|0||0||||||||||||||||||||
|C170|97|900052||4,00000|JG|141,12||0|000|2102||141,12|7,00|9,88|0||0||||||||||||||||||||
|C170|98|900053||6,00000|JG|184,98||0|000|2102||184,98|7,00|12,95|0||0||||||||||||||||||||
|C170|99|900591||4,00000|PC|179,60||0|000|2102||179,60|7,00|12,57|0||0||||||||||||||||||||
|C170|100|902511||12,00000|JG|415,56||0|000|2102||415,56|7,00|29,09|0||0||||||||||||||||||||
|C170|101|900033||2,00000|PC|122,18||0|000|2102||122,18|7,00|8,55|0||0||||||||||||||||||||
|C190|000|2102|7,00|11305,34|10120,80|708,46|0|0|0|0||
|C100|0|1|800007144|55|00|1|000003814|35110810227217000192550010000038141002225033|02082011|13082011|2385,37|1|||2156,64|1||||2156,64|150,96||||||||
|C170|1|160170||8,00000|PC|872,24||0|000|2102||872,24|7,00|61,06|0||0||||||||959,46||||||959,46||||||
|C170|2|160180||4,00000|PC|282,72||0|000|2102||282,72|7,00|19,79|0||0||||||||311,00||||||311,00||||||
|C170|3|160120||4,00000|UN|277,64||0|000|2102||277,64|7,00|19,43|0||0||||||||310,95||||||310,95||||||
|C170|4|160190||2,00000|UN|375,60||0|000|2102||375,60|7,00|26,29|0||0||||||||420,67||||||420,67||||||
|C170|5|160200||4,00000|UN|348,44||0|000|2102||348,44|7,00|24,39|0||0||||||||383,29||||||383,29||||||
|C190|000|2102|7,00|2385,37|2156,64|150,96|0|0|0|0||
|C100|0|1|800006974|55|00|1|000205481|23110802948030000230550010002054811570099755|17082011|22082011|28911,47|1|||26283,15|1||||26283,15|4468,14||||||||
|C170|1|100220||5,00000|UD|1285,08||0|000|1102||1285,08|17,00|218,46|0||0||||||||||||||||||||
|C170|2|100210||100,00000|UD|24998,07||0|000|1102||24998,07|17,00|4249,67|0||0||||||||||||||||||||
|C190|000|1102|17,00|28911,47|26283,15|4468,14|0|0|0|0||
|C100|0|1|800006974|55|00|1|000205497|23110802948030000230550010002054971422862086|17082011|22082011|7184,26|1|||6907,94|1||||6907,94|1174,35||||||||
|C170|1|100040||5,00000|UD|2548,05||0|000|1102||2548,05|17,00|433,17|0||0||||||||2649,97||||||2649,97||||||
|C170|2|100063||20,00000|UD|4359,89||0|000|1102||4359,89|17,00|741,18|0||0||||||||4534,29||||||4534,29||||||
|C190|000|1102|17,00|7184,26|6907,94|1174,35|0|0|0|0||
|C100|0|1|800006990|55|00|2|000036135|13110804403408000165550020000361351685601482|19082011|30082011|2324,00|1|||2324,00|1||||2324,00|278,88||||||||
|C170|1|180750||2,00000|PEC|2324,00||0|000|2102||2324,00|12,00|278,88|0||0||||||||2324,00||||||2324,00||||||
|C190|000|2102|12,00|2324,00|2324,00|278,88|0|0|0|0||
|C100|0|1|800006990|55|00|2|000036134|13110804403408000165550020000361341685585811|19082011|31082011|20099,00|1|||20099,00|1||||20099,00|2411,88||||||||
|C170|1|180770||20,00000|PEC|15740,00||0|000|2102||15740,00|12,00|1888,80|0||0||||||||||||||||||||
|C170|2|180750||3,00000|PEC|4359,00||0|000|2102||4359,00|12,00|523,08|0||0||||||||||||||||||||
|C190|000|2102|12,00|20099,00|20099,00|2411,88|0|0|0|0||
|C100|0|1|800006990|55|00|2|000035745|13110804403408000165550020000357451640620806|10082011|27082011|17504,00|1|||17504,00|1||||17504,00|2100,48||||||||
|C170|1|180270||100,00000|PEC|17504,00||0|000|2102||17504,00|12,00|2100,48|0||0||||||||17504,00||||||17504,00||||||
|C190|000|2102|12,00|17504,00|17504,00|2100,48|0|0|0|0||
|C100|0|1|800006992|55|00|1|000088934|35110804403408000912550010000889341874227100|18082011|31082011|14607,30|1|||12702,00|1||||12702,00|889,14||||||||
|C170|1|180970||3,00000|PEC|5229,00||0|000|2102||5229,00|7,00|366,03|0||0||||||||6013,35||||||6013,35||||||
|C170|2|180910||3,00000|PEC|7473,00||0|000|2102||7473,00|7,00|523,11|0||0||||||||8593,95||||||8593,95||||||
|C190|000|2102|7,00|14607,30|12702,00|889,14|0|0|0|0||
|C100|0|1|800006990|55|00|2|000035215|13110704403408000165550020000352151950571030|28072011|17082011|11501,90|1|||11501,90|1||||11501,90|1380,23||||||||
|C170|1|180790||10,00000|PEC|11501,90||0|000|2102||11501,90|12,00|1380,23|0||0||||||||11501,90||||||11501,90||||||
|C190|000|2102|12,00|11501,90|11501,90|1380,23|0|0|0|0||
|C100|0|1|800008028|55|00|1|000389409|35110859105999000348550010003894091783272039|05082011|20082011|5185,36|1|||4938,44|1||||4938,44|345,69||||||||
|C170|1|031283||4,00000|PC|4938,44||0|000|2102||4938,44|7,00|345,69|0||0||||||||5185,36||||||5185,36||||||
|C190|000|2102|7,00|5185,36|4938,44|345,69|0|0|0|0||
|C100|0|1|800006986|55|00|1|000626760|42110859105999003959550010006267601592365376|26082011|31082011|4863,23|1|||4052,69|1||||4052,69|283,69||||||||
|C170|1|030253||3,00000|PC|2307,09||0|000|2102||2307,09|7,00|161,50|0||0||||||||2768,51||||||2768,51||||||
|C170|2|030250||2,00000|PC|1745,60||0|000|2102||1745,60|7,00|122,19|0||0||||||||2094,72||||||2094,72||||||
|C190|000|2102|7,00|4863,23|4052,69|283,69|0|0|0|0||
|C100|0|1|800006986|55|00|1|000626761|42110859105999003959550010006267611782025972|26082011|31082011|9610,00|1|||8039,80|1||||8039,80|562,79||||||||
|C170|1|031240||30,00000|PC|4208,70||0|000|2102||4208,70|7,00|294,61|0||0||||||||4629,57||||||4629,57||||||
|C170|2|031263||5,00000|PC|1152,00||0|000|2102||1152,00|7,00|80,64|0||0||||||||1497,60||||||1497,60||||||
|C170|3|031260||10,00000|PC|2679,10||0|000|2102||2679,10|7,00|187,54|0||0||||||||3482,83||||||3482,83||||||
|C190|000|2102|7,00|9610,00|8039,80|562,79|0|0|0|0||
|C100|0|1|800006986|55|00|1|000626762|42110859105999003959550010006267621129920225|26082011|31082011|8255,16|1|||6350,12|1||||6350,12|444,51||||||||
|C170|1|031140||7,00000|PC|6350,12||0|000|2102||6350,12|7,00|444,51|0||0||||||||8255,16||||||8255,16||||||
|C190|000|2102|7,00|8255,16|6350,12|444,51|0|0|0|0||
|C100|0|1|800007178|55|00|1|000000416|23110772336522000250550010000004161000004160|26072011|17082011|3033,30|9|||3033,30|1||||0|0||||||||
|C170|1|030103||2,00000|UN|3033,30||0|041|1916|||||0||0||||||||||||||||||||
|C190|041|1916||3033,30|0|0|0|0|0|0||
|C100|0|1|800007180|55|00|1|000000649|41110802741008000134550010000006491167778997|15082011|24082011|129,09|1|||129,09|1||||0|0||||||||
|C170|1|02010||99,30000|KG|129,09||0|090|2556|||||0||0||||||||||||||||||||
|C190|090|2556||129,09|0|0|0|0|0|0||
|C100|0|1|800008026|01|00|1|0008868||19082011|19082011|658,07|9|||658,07|9||||658,07|111,87||||||||
|C170|1|701250||1,00000|UN|12,87||0|000|1152||12,87|17,00|2,19|0||0||||||||||||||||||||
|C170|2|701812||1,00000|UN|11,06||0|000|1152||11,06|17,00|1,88|0||0||||||||||||||||||||
|C170|3|701260||2,00000|UN|35,54||0|000|1152||35,54|17,00|6,04|0||0||||||||||||||||||||
|C170|4|700760||2,00000|UN|26,90||0|000|1152||26,90|17,00|4,57|0||0||||||||||||||||||||
|C170|5|702080||5,00000|UN|48,05||0|000|1152||48,05|17,00|8,17|0||0||||||||||||||||||||
|C170|6|031120||1,00000|UN|523,65||0|000|1152||523,65|17,00|89,02|0||0||||||||||||||||||||
|C190|000|1152|17,00|658,07|658,07|111,87|0|0|0|0||
|C100|0|1|800008026|01|00|1|0008866||17082011|17082011|434,59|9|||434,59|9||||221,92|37,73||||||||
|C170|1|180800||1,00000|UN|212,67||0|041|1152|||||0||0||||||||||||||||||||
|C170|2|040470||1,00000|UN|221,92||0|000|1152||221,92|17,00|37,73|0||0||||||||||||||||||||
|C190|000|1152|17,00|221,92|221,92|37,73|0|0|0|0||
|C190|041|1152||212,67|0|0|0|0|0|0||
|C100|0|1|800008026|01|00|1|0008863||17082011|17082011|308,45|9|||308,45|9||||308,45|52,44||||||||
|C170|1|330030||1,00000|UN|75,98||0|000|1152||75,98|17,00|12,92|0||0||||||||||||||||||||
|C170|2|100210||1,00000|UN|232,47||0|000|1152||232,47|17,00|39,52|0||0||||||||||||||||||||
|C190|000|1152|17,00|308,45|308,45|52,44|0|0|0|0||
|C100|0|1|800008026|01|00|1|0008861||17082011|17082011|48,40|9|||48,40|9||||48,40|8,23||||||||
|C170|1|813371||20,00000|UN|48,40||0|000|1152||48,40|17,00|8,23|0||0||||||||||||||||||||
|C190|000|1152|17,00|48,40|48,40|8,23|0|0|0|0||
|C100|0|1|800008026|01|00|1|0008860||16082011|16082011|608,40|9|||608,40|9||||608,40|103,43||||||||
|C170|1|031190||1,00000|UN|608,40||0|000|1152||608,40|17,00|103,43|0||0||||||||||||||||||||
|C190|000|1152|17,00|608,40|608,40|103,43|0|0|0|0||
|C100|0|1|800008026|01|00|1|0008858||16082011|16082011|275,00|9|||275,00|9||||275,00|46,75||||||||
|C170|1|120040||1,00000|UN|42,53||0|000|1152||42,53|17,00|7,23|0||0||||||||||||||||||||
|C170|2|100210||1,00000|UN|232,47||0|000|1152||232,47|17,00|39,52|0||0||||||||||||||||||||
|C190|000|1152|17,00|275,00|275,00|46,75|0|0|0|0||
|C100|0|1|800008026|01|00|1|0008855||12082011|12082011|42,40|9|||42,40|9||||42,40|7,21||||||||
|C170|1|900456||1,00000|UN|16,34||0|000|1152||16,34|17,00|2,78|0||0||||||||||||||||||||
|C170|2|290190||1,00000|UN|26,06||0|000|1152||26,06|17,00|4,43|0||0||||||||||||||||||||
|C190|000|1152|17,00|42,40|42,40|7,21|0|0|0|0||
|C100|0|1|800008026|01|00|1|0008851||11082011|11082011|77,18|9|||77,18|9||||77,18|13,12||||||||
|C170|1|290300||1,00000|UN|77,18||0|000|1152||77,18|17,00|13,12|0||0||||||||||||||||||||
|C190|000|1152|17,00|77,18|77,18|13,12|0|0|0|0||
|C100|0|1|800008026|01|00|1|0008849||10082011|10082011|130,53|9|||130,53|9||||130,53|22,19||||||||
|C170|1|910782||1,00000|UN|32,55||0|000|1152||32,55|17,00|5,53|0||0||||||||||||||||||||
|C170|2|910970||1,00000|UN|40,39||0|000|1152||40,39|17,00|6,87|0||0||||||||||||||||||||
|C170|3|290340||1,00000|UN|30,30||0|000|1152||30,30|17,00|5,15|0||0||||||||||||||||||||
|C170|4|330050||1,00000|UN|27,29||0|000|1152||27,29|17,00|4,64|0||0||||||||||||||||||||
|C190|000|1152|17,00|130,53|130,53|22,19|0|0|0|0||
|C100|0|1|800008026|01|00|1|0008844||10082011|10082011|374,51|9|||374,51|9||||374,51|63,67||||||||
|C170|1|290060||1,00000|UN|142,04||0|000|1152||142,04|17,00|24,15|0||0||||||||||||||||||||
|C170|2|100210||1,00000|UN|232,47||0|000|1152||232,47|17,00|39,52|0||0||||||||||||||||||||
|C190|000|1152|17,00|374,51|374,51|63,67|0|0|0|0||
|C100|0|1|800008026|01|00|1|0008842||10082011|10082011|623,04|9|||623,04|9||||623,04|105,92||||||||
|C170|1|040470||1,00000|UN|221,92||0|000|1152||221,92|17,00|37,73|0||0||||||||||||||||||||
|C170|2|890370||2,00000|UN|401,12||0|000|1152||401,12|17,00|68,19|0||0||||||||||||||||||||
|C190|000|1152|17,00|623,04|623,04|105,92|0|0|0|0||
|C100|0|1|800008026|01|00|1|0008840||09082011|09082011|136,26|9|||136,26|9||||136,26|23,16||||||||
|C170|1|501120||1,00000|UN|16,52||0|000|1152||16,52|17,00|2,81|0||0||||||||||||||||||||
|C170|2|900456||1,00000|UN|16,34||0|000|1152||16,34|17,00|2,78|0||0||||||||||||||||||||
|C170|3|812610||1,00000|UN|43,78||0|000|1152||43,78|17,00|7,44|0||0||||||||||||||||||||
|C170|4|970100||1,00000|UN|59,62||0|000|1152||59,62|17,00|10,14|0||0||||||||||||||||||||
|C190|000|1152|17,00|136,26|136,26|23,16|0|0|0|0||
|C100|0|1|800008026|01|00|1|0008838||09082011|09082011|110,45|9|||110,45|9||||32,57|5,54||||||||
|C170|1|940450||1,00000|UN|77,88||0|041|1152|||||0||0||||||||||||||||||||
|C170|2|840980||1,00000|UN|32,57||0|000|1152||32,57|17,00|5,54|0||0||||||||||||||||||||
|C190|000|1152|17,00|32,57|32,57|5,54|0|0|0|0||
|C190|041|1152||77,88|0|0|0|0|0|0||
|C100|0|1|800008026|01|00|1|0008836||08082011|08082011|86,05|9|||86,05|9||||86,05|14,63||||||||
|C170|1|700740||1,00000|UN|5,89||0|000|1152||5,89|17,00|1,00|0||0||||||||||||||||||||
|C170|2|700893||1,00000|UN|26,31||0|000|1152||26,31|17,00|4,47|0||0||||||||||||||||||||
|C170|3|850150||1,00000|UN|53,85||0|000|1152||53,85|17,00|9,15|0||0||||||||||||||||||||
|C190|000|1152|17,00|86,05|86,05|14,63|0|0|0|0||
|C100|0|1|800008026|01|00|1|0008835||08082011|08082011|232,47|9|||232,47|9||||232,47|39,52||||||||
|C170|1|100210||1,00000|UN|232,47||0|000|1152||232,47|17,00|39,52|0||0||||||||||||||||||||
|C190|000|1152|17,00|232,47|232,47|39,52|0|0|0|0||
|C100|0|1|800008026|01|00|1|0008834||08082011|08082011|232,47|9|||232,47|9||||232,47|39,52||||||||
|C170|1|100210||1,00000|UN|232,47||0|000|1152||232,47|17,00|39,52|0||0||||||||||||||||||||
|C190|000|1152|17,00|232,47|232,47|39,52|0|0|0|0||
|C100|0|1|800008026|01|00|1|0008832||06082011|06082011|115,58|9|||115,58|9||||115,58|19,65||||||||
|C170|1|101430||2,00000|UN|115,58||0|000|1152||115,58|17,00|19,65|0||0||||||||||||||||||||
|C190|000|1152|17,00|115,58|115,58|19,65|0|0|0|0||
|C100|0|1|800008026|01|00|1|0008831||05082011|05082011|232,47|9|||232,47|9||||232,47|39,52||||||||
|C170|1|100210||1,00000|UN|232,47||0|000|1152||232,47|17,00|39,52|0||0||||||||||||||||||||
|C190|000|1152|17,00|232,47|232,47|39,52|0|0|0|0||
|C100|0|1|800008026|01|00|1|0008830||05082011|05082011|10269,22|9|||10269,22|9||||10269,22|1745,77||||||||
|C170|1|030093||1,00000|UN|1331,80||0|000|1152||1331,80|17,00|226,41|0||0||||||||||||||||||||
|C170|2|100013||1,00000|UN|187,05||0|000|1152||187,05|17,00|31,80|0||0||||||||||||||||||||
|C170|3|030363||1,00000|UN|937,64||0|000|1152||937,64|17,00|159,40|0||0||||||||||||||||||||
|C170|4|030143||1,00000|UN|1102,99||0|000|1152||1102,99|17,00|187,51|0||0||||||||||||||||||||
|C170|5|030970||1,00000|UN|957,50||0|000|1152||957,50|17,00|162,78|0||0||||||||||||||||||||
|C170|6|030473||2,00000|UN|1563,60||0|000|1152||1563,60|17,00|265,81|0||0||||||||||||||||||||
|C170|7|220590||1,00000|UN|612,60||0|000|1152||612,60|17,00|104,14|0||0||||||||||||||||||||
|C170|8|180910||1,00000|UN|3013,56||0|000|1152||3013,56|17,00|512,31|0||0||||||||||||||||||||
|C170|9|051220||1,00000|UN|562,48||0|000|1152||562,48|17,00|95,62|0||0||||||||||||||||||||
|C190|000|1152|17,00|10269,22|10269,22|1745,77|0|0|0|0||
|C100|0|1|800008026|01|00|1|0008829||05082011|05082011|1026,64|9|||1026,64|9||||1026,64|174,53||||||||
|C170|1|220403||1,00000|UN|1026,64||0|000|1152||1026,64|17,00|174,53|0||0||||||||||||||||||||
|C190|000|1152|17,00|1026,64|1026,64|174,53|0|0|0|0||
|C100|0|1|800008026|01|00|1|0008825||03082011|03082011|67,44|9|||67,44|9||||67,44|11,46||||||||
|C170|1|900693||1,00000|UN|36,59||0|000|1152||36,59|17,00|6,22|0||0||||||||||||||||||||
|C170|2|900453||1,00000|UN|30,85||0|000|1152||30,85|17,00|5,24|0||0||||||||||||||||||||
|C190|000|1152|17,00|67,44|67,44|11,46|0|0|0|0||
|C100|0|1|800008026|01|00|1|0008823||03082011|03082011|70,03|9|||70,03|9||||70,03|11,91||||||||
|C170|1|290280||1,00000|UN|70,03||0|000|1152||70,03|17,00|11,91|0||0||||||||||||||||||||
|C190|000|1152|17,00|70,03|70,03|11,91|0|0|0|0||
|C100|0|1|800008026|01|00|1|0008822||02082011|02082011|262,77|9|||262,77|9||||262,77|44,67||||||||
|C170|1|105300||1,00000|UN|23,46||0|000|1152||23,46|17,00|3,99|0||0||||||||||||||||||||
|C170|2|180203||1,00000|UN|239,31||0|000|1152||239,31|17,00|40,68|0||0||||||||||||||||||||
|C190|000|1152|17,00|262,77|262,77|44,67|0|0|0|0||
|C100|0|1|800008026|01|00|1|0008819||02082011|02082011|42,53|9|||42,53|9||||42,53|7,23||||||||
|C170|1|120040||1,00000|UN|42,53||0|000|1152||42,53|17,00|7,23|0||0||||||||||||||||||||
|C190|000|1152|17,00|42,53|42,53|7,23|0|0|0|0||
|C100|0|1|800008026|01|00|1|0008818||01082011|01082011|1970,14|9|||1970,14|9||||1970,14|334,92||||||||
|C170|1|950460||1,00000|UN|614,77||0|000|1152||614,77|17,00|104,51|0||0||||||||||||||||||||
|C170|2|180790||1,00000|UN|1065,46||0|000|1152||1065,46|17,00|181,13|0||0||||||||||||||||||||
|C170|3|030283||1,00000|UN|289,91||0|000|1152||289,91|17,00|49,28|0||0||||||||||||||||||||
|C190|000|1152|17,00|1970,14|1970,14|334,92|0|0|0|0||
|C100|0|1|800006974|55|00|1|000205485|23110802948030000230550010002054851292941894|17082011|22082011|35850,26|1|||32591,14|1||||32591,14|5540,49||||||||
|C170|1|100220||5,00000|UD|1285,08||0|000|1102||1285,08|17,00|218,46|0||0||||||||1413,59||||||1413,59||||||
|C170|2|100200||100,00000|UD|26701,26||0|000|1102||26701,26|17,00|4539,21|0||0||||||||29371,39||||||29371,39||||||
|C170|3|100160||15,00000|UD|4604,80||0|000|1102||4604,80|17,00|782,82|0||0||||||||5065,28||||||5065,28||||||
|C190|000|1102|17,00|35850,26|32591,14|5540,49|0|0|0|0||
|C100|0|1|800006986|55|00|1|000626759|42110859105999003959550010006267591403375777|26082011|31082011|111165,88|1|||96733,32|1||||96733,32|6771,33||||||||
|C170|1|040123||10,00000|PC|4013,20||0|000|2102||4013,20|7,00|280,92|0||0||||||||||||||||||||
|C170|2|040133||20,00000|PC|8319,40||0|000|2102||8319,40|7,00|582,36|0||0||||||||||||||||||||
|C170|3|040550||20,00000|PC|1549,00||0|000|2102||1549,00|7,00|108,43|0||0||||||||||||||||||||
|C170|4|030970||5,00000|PC|4247,35||0|000|2102||4247,35|7,00|297,31|0||0||||||||||||||||||||
|C170|5|030113||3,00000|PC|4416,30||0|000|2102||4416,30|7,00|309,14|0||0||||||||||||||||||||
|C170|6|030123||7,00000|PC|12211,15||0|000|2102||12211,15|7,00|854,78|0||0||||||||||||||||||||
|C170|7|030013||7,00000|PC|6785,80||0|000|2102||6785,80|7,00|475,01|0||0||||||||||||||||||||
|C170|8|030130||10,00000|PC|10506,30||0|000|2102||10506,30|7,00|735,44|0||0||||||||||||||||||||
|C170|9|030053||5,00000|PC|4999,20||0|000|2102||4999,20|7,00|349,94|0||0||||||||||||||||||||
|C170|10|030100||10,00000|PC|16113,30||0|000|2102||16113,30|7,00|1127,93|0||0||||||||||||||||||||
|C170|11|030940||2,00000|PC|1804,32||0|000|2102||1804,32|7,00|126,30|0||0||||||||||||||||||||
|C170|12|030093||20,00000|PC|21768,00||0|000|2102||21768,00|7,00|1523,76|0||0||||||||||||||||||||
|C190|000|2102|7,00|111165,88|96733,32|6771,33|0|0|0|0||
|C100|0|1|800006983|55|00|1|000044521|26110859105999006036550010000445211195214496|27082011|31082011|40792,64|1|||37159,60|1||||37159,60|4459,15||||||||
|C170|1|040013||10,00000|PC|6151,10||0|000|2102||6151,10|12,00|738,13|0||0||||||||7073,77||||||7073,77||||||
|C170|2|040213||5,00000|PC|3576,25||0|000|2102||3576,25|12,00|429,15|0||0||||||||4112,69||||||4112,69||||||
|C170|3|040453||20,00000|PC|6729,00||0|000|2102||6729,00|12,00|807,48|0||0||||||||8074,80||||||8074,80||||||
|C170|4|030433||15,00000|PC|7288,95||0|000|2102||7288,95|12,00|874,67|0||0||||||||7580,51||||||7580,51||||||
|C170|5|030450||10,00000|PC|5827,80||0|000|2102||5827,80|12,00|699,34|0||0||||||||6060,91||||||6060,91||||||
|C170|6|030443||10,00000|PC|7586,50||0|000|2102||7586,50|12,00|910,38|0||0||||||||7889,96||||||7889,96||||||
|C190|000|2102|12,00|40792,64|37159,60|4459,15|0|0|0|0||
|C100|0|1|800006983|55|00|1|000042817|26110859105999006036550010000428171541962267|03082011|18082011|2596,82|1|||2164,02|1||||2164,02|259,68||||||||
|C170|1|030383||3,00000|PC|2164,02||0|000|2102||2164,02|12,00|259,68|0||0||||||||2596,82||||||2596,82||||||
|C190|000|2102|12,00|2596,82|2164,02|259,68|0|0|0|0||
|C100|0|1|800006986|55|00|1|000604846|42110759105999003959550010006048461236158051|27072011|17082011|4229,88|1|||3678,16|1||||3678,16|257,47||||||||
|C170|1|030133||4,00000|PC|3678,16||0|000|2102||3678,16|7,00|257,47|0||0||||||||||||||||||||
|C190|000|2102|7,00|4229,88|3678,16|257,47|0|0|0|0||
|C100|0|1|6488|55|00|1|000000907|23110807343858000289550010000009071359168480|16082011|16082011|362,00|1|||362,00|9||||0|0||||||||
|C170|1|10000||1,00000|UN|362,00||0|090|1556|||||0||0||||||||||||||||||||
|C190|090|1556||362,00|0|0|0|0|0|0||
|C100|0|1|278|55|00|2|000167304|35110804164616002879550020001673041678540679|01082011|01082011|518,97|0|||518,97|9||||0|0||||||||
|C170|1|10000||1,00000|UN|518,97||0|090|2556|||||0||0||||||||||||||||||||
|C190|090|2556||518,97|0|0|0|0|0|0||
|C100|0|1|278|55|00|2|000176346|35110804164616002879550020001763461603412044|17082011|17082011|5,00|0|||5,00|9||||0|0||||||||
|C170|1|10000||1,00000|UN|5,00||0|090|2556|||||0||0||||||||||||||||||||
|C190|090|2556||5,00|0|0|0|0|0|0||
|C100|0|1|9864|55|00|4|000009903|23110840432544016140550040000099031647342384|26082011|26082011|635,99|0|||635,99|9||||0|0||||||||
|C170|1|10000||1,00000|UN|635,99||0|090|1556|||||0||0||||||||||||||||||||
|C190|090|1556||635,99|0|0|0|0|0|0||
|C400|2D|ECF|GEXNJ20000|2|
|C405|01082011|1|1363|27128|11007313,9|7435|
|C420|01T1700|7435|1||
|C425|701610|1|UN|19|0,12|0,57|
|C425|120130|1|UN|49|0,32|1,47|
|C425|902580|8|UN|48|0,31|1,44|
|C425|701690|2|UN|20|0,13|0,6|
|C425|120040|1|UN|69|0,45|2,07|
|C425|031260|1|UN|521|3,39|15,63|
|C425|700790|1|UN|28|0,18|0,84|
|C425|500390|1|UN|53|0,34|1,59|
|C425|180550|1|UN|520|3,38|15,6|
|C425|502161|1|UN|29|0,19|0,87|
|C425|900951|1|UN|5|0,03|0,15|
|C425|030253|1|UN|1519|9,87|45,57|
|C425|030093|1|UN|2199|14,29|65,97|
|C425|702160|1|UN|17|0,11|0,51|
|C425|950460|1|UN|1199|7,79|35,97|
|C425|650200|1|UN|39|0,25|1,17|
|C425|330250|1|UN|99|0,64|2,97|
|C425|180290|1|UN|119|0,77|3,57|
|C425|120090|1|UN|69|0,45|2,07|
|C425|100160|1|UN|198|1,29|5,94|
|C425|070410|1|UN|279|1,81|8,37|
|C425|030543|1|UN|337|2,19|10,11|
|C490|000|5102|17|7435|7435|1263,95||
|C405|02082011|1|1364|27151|11013934,7|6621|
|C420|01T1700|6224|1||
|C425|500390|1|UN|55|0,36|1,65|
|C425|330030|1|UN|129|0,84|3,87|
|C425|701323|1|UN|35|0,23|1,05|
|C425|700432|1|UN|29|0,19|0,87|
|C425|290280|1|UN|119|0,77|3,57|
|C425|501110|1|UN|289|1,88|8,67|
|C425|890560|1|UN|199|1,29|5,97|
|C425|090010|1|UN|99|0,64|2,97|
|C425|902860|1|UN|8|0,05|0,24|
|C425|290270|1|UN|79|0,51|2,37|
|C425|890320|1|UN|113|0,73|3,39|
|C425|103121|1|UN|5|0,03|0,15|
|C425|841105|1|UN|8|0,05|0,24|
|C425|840741|1|UN|22|0,14|0,66|
|C425|841100|1|UN|5|0,03|0,15|
|C425|841107|1|UN|19|0,12|0,57|
|C425|870170|1|UN|18|0,12|0,54|
|C425|841106|1|UN|15|0,1|0,45|
|C425|030100|1|UN|3049|19,82|91,47|
|C425|330050|1|UN|49|0,32|1,47|
|C425|100210|2|UN|563|3,66|16,89|
|C425|101430|1|UN|119|0,77|3,57|
|C425|103110|2|UN|118|0,76|3,54|
|C425|180270|1|UN|245|1,59|7,35|
|C425|180290|1|UN|119|0,77|3,57|
|C425|290060|1|UN|259|1,68|7,77|
|C425|290190|1|UN|52|0,34|1,56|
|C425|290200|1|UN|119|0,77|3,57|
|C425|950120|1|UN|49|0,32|1,47|
|C425|330250|1|UN|99|0,64|2,97|
|C425|700480|1|UN|32|0,21|0,96|
|C425|700590|1|UN|9|0,06|0,27|
|C425|701322|1|UN|26|0,17|0,78|
|C425|701360|1|UN|13|0,08|0,39|
|C425|701750|1|UN|29|0,19|0,87|
|C425|812960|1|UN|29|0,19|0,87|
|C420|N1|397|||
|C425|710270|1|UN|69|0,45|2,07|
|C425|940380|1|UN|10|0,07|0,3|
|C425|940450|2|UN|318|2,06|9,54|
|C490|000|5102|17|6224|6224|1058,08||
|C490|041|5102|0|397|0|0||
|C405|03082011|1|1365|27171|11030510,7|15827|
|C420|01T1700|15762|1||
|C425|330240|1|UN|75|0,49|2,25|
|C425|820110|1|UN|7|0,05|0,21|
|C425|050840|1|UN|599|3,89|17,97|
|C425|701720|1|UN|14|0,09|0,42|
|C425|031200|1|UN|2849|18,52|85,47|
|C425|101160|1|UN|12|0,08|0,36|
|C425|290270|1|UN|85|0,55|2,55|
|C425|811700|3|UN|38|0,24|1,14|
|C425|812010|1|UN|17|0,11|0,51|
|C425|050620|1|UN|1165|7,57|34,95|
|C425|104060|2|UN|16|0,1|0,48|
|C425|701900|1|UN|20|0,13|0,6|
|C425|180550|1|UN|539|3,5|16,17|
|C425|030103|1|UN|2699|17,54|80,97|
|C425|100200|1|UN|399|2,59|11,97|
|C425|030333|1|UN|1737|11,29|52,11|
|C425|030553|1|UN|1044|6,79|31,32|
|C425|031073|1|UN|1649|10,72|49,47|
|C425|031110|1|UN|649|4,22|19,47|
|C425|040430|1|UN|329|2,14|9,87|
|C425|040550|1|UN|159|1,03|4,77|
|C425|200520|1|UN|179|1,16|5,37|
|C425|180770|1|UN|1199|7,79|35,97|
|C425|290190|1|UN|55|0,36|1,65|
|C425|330130|1|UN|208|1,35|6,24|
|C425|103300|1|UN|10|0,07|0,3|
|C425|103320|1|UN|10|0,07|0,3|
|C420|N1|65|||
|C425|940370|2|UN|30|0,2|0,9|
|C425|940400|1|UN|15|0,1|0,45|
|C425|980240|1|UN|5|0,03|0,15|
|C425|940420|1|UN|15|0,1|0,45|
|C490|000|5102|17|15762|15762|2679,54||
|C490|041|5102|0|65|0|0||
|C405|04082011|1|1366|27186|11035240,71|4730|
|C420|01T1700|4730|1||
|C425|500510|1|UN|15|0,1|0,45|
|C425|220590|1|UN|999|6,49|29,97|
|C425|040453|1|UN|610|3,97|18,3|
|C425|840480|1|UN|59|0,38|1,77|
|C425|811700|1|UN|13|0,08|0,39|
|C425|180253|1|UN|319|2,07|9,57|
|C425|531370|1|UN|55|0,36|1,65|
|C425|701720|1|UN|15|0,1|0,45|
|C425|970300|1|UN|85|0,55|2,55|
|C425|700740|1|UN|14|0,09|0,42|
|C425|030460|1|UN|1329|8,64|39,87|
|C425|101440|12|UN|144|0,94|4,32|
|C425|700650|1|UN|19|0,12|0,57|
|C425|502030|1|UN|19|0,12|0,57|
|C425|330050|1|UN|49|0,32|1,47|
|C425|103110|1|UN|59|0,38|1,77|
|C425|102010|1|UN|14|0,09|0,42|
|C425|101510|12|UN|156|1,01|4,68|
|C425|101430|2|UN|238|1,54|7,14|
|C425|101420|12|UN|120|0,78|3,6|
|C425|100200|1|UN|399|2,59|11,97|
|C490|000|5102|17|4730|4730|804,1||
|C405|05082011|1|1367|27202|11041612,71|3473|
|C420|01T1700|3473|1||
|C425|050620|1|UN|1199|7,79|35,97|
|C425|841109|1|UN|12|0,08|0,36|
|C425|841108|1|UN|10|0,07|0,3|
|C425|841094|1|UN|45|0,29|1,35|
|C425|890081|1|UN|69|0,45|2,07|
|C425|103030|2|UN|118|0,77|3,54|
|C425|680780|1|UN|43|0,28|1,29|
|C425|970420|1|UN|39|0,25|1,17|
|C425|105080|1|UN|249|1,62|7,47|
|C425|030523|1|UN|339|2,2|10,17|
|C425|701200|1|UN|27|0,18|0,81|
|C425|700434|2|UN|26|0,16|0,78|
|C425|890350|1|UN|119|0,77|3,57|
|C425|810921|1|UN|12|0,08|0,36|
|C425|810891|1|UN|8|0,05|0,24|
|C425|290060|1|UN|259|1,68|7,77|
|C425|120080|1|UN|130|0,85|3,9|
|C425|031240|1|UN|259|1,68|7,77|
|C425|030533|1|UN|510|3,32|15,3|
|C490|000|5102|17|3473|3473|590,41||
|C405|06082011|1|1368|27219|11045774,72|4162|
|C420|01T1700|4162|1||
|C425|850050|1|UN|55|0,36|1,65|
|C425|902282|2|UN|44|0,29|1,32|
|C425|902281|2|UN|34|0,22|1,02|
|C425|200040|1|UN|807|5,25|24,21|
|C425|813660|1|UN|55|0,36|1,65|
|C425|701022|1|UN|14|0,09|0,42|
|C425|103121|1|UN|5|0,03|0,15|
|C425|710310|1|UN|18|0,12|0,54|
|C425|903191|1|UN|12|0,08|0,36|
|C425|701210|1|UN|19|0,12|0,57|
|C425|030553|1|UN|1049|6,82|31,47|
|C425|090280|1|UN|170|1,11|5,1|
|C425|701190|1|UN|7|0,05|0,21|
|C425|820200|1|UN|7|0,05|0,21|
|C425|330250|1|UN|99|0,64|2,97|
|C425|330210|1|UN|69|0,45|2,07|
|C425|180920|1|UN|33|0,21|0,99|
|C425|120020|1|UN|99|0,64|2,97|
|C425|103110|2|UN|118|0,77|3,54|
|C425|100200|1|UN|399|2,59|11,97|
|C425|040173|1|UN|1049|6,82|31,47|
|C490|000|5102|17|4162|4162|707,54||
|C405|08082011|1|1369|27231|11049464,72|3690|
|C420|01T1700|3690|1||
|C425|500411|1|UN|8|0,05|0,24|
|C425|103121|1|UN|5|0,03|0,15|
|C425|700270|1|UN|9|0,06|0,27|
|C425|060210|2|UN|890|5,79|26,7|
|C425|120030|1|UN|99|0,64|2,97|
|C425|040173|1|UN|1049|6,82|31,47|
|C425|850090|1|UN|33|0,21|0,99|
|C425|031190|1|UN|999|6,49|29,97|
|C425|290220|1|UN|79|0,51|2,37|
|C425|103110|1|UN|59|0,38|1,77|
|C425|040520|1|UN|460|2,99|13,8|
|C490|000|5102|17|3690|3690|627,3||
|C405|09082011|1|1370|27257|11057367,73|7903|
|C420|01T1700|7898|1||
|C425|880100|1|UN|28|0,18|0,84|
|C425|900202|2|UN|58|0,38|1,74|
|C425|051210|1|UN|674|4,38|20,22|
|C425|531310|1|UN|15|0,1|0,45|
|C425|811700|2|UN|26|0,17|0,78|
|C425|850050|2|UN|110|0,72|3,3|
|C425|140030|1|UN|30|0,2|0,9|
|C425|902860|1|UN|7|0,05|0,21|
|C425|903300|1|UN|119|0,77|3,57|
|C425|813371|4|UN|20|0,13|0,6|
|C425|702080|1|UN|19|0,12|0,57|
|C425|660263|1|UN|39|0,25|1,17|
|C425|970380|1|UN|49|0,32|1,47|
|C425|813660|3|UN|165|1,07|4,95|
|C425|900191|1|UN|15|0,1|0,45|
|C425|900951|3|UN|15|0,1|0,45|
|C425|901701|1|UN|35|0,23|1,05|
|C425|840081|1|UN|23|0,15|0,69|
|C425|030363|1|UN|1099|7,14|32,97|
|C425|701360|1|UN|13|0,08|0,39|
|C425|040133|1|UN|789|5,13|23,67|
|C425|040340|1|UN|1599|10,39|47,97|
|C425|100210|1|UN|379|2,46|11,37|
|C425|103110|3|UN|176|1,14|5,28|
|C425|104030|1|UN|10|0,07|0,3|
|C425|250520|1|UN|999|6,49|29,97|
|C425|500171|1|UN|49|0,32|1,47|
|C425|502201|1|UN|65|0,42|1,95|
|C425|700953|2|UN|70|0,46|2,1|
|C425|701450|1|UN|20|0,13|0,6|
|C425|812960|1|UN|29|0,19|0,87|
|C425|890360|3|UN|447|2,91|13,41|
|C425|900840|1|UN|39|0,25|1,17|
|C425|950010|2|UN|258|1,68|7,74|
|C425|040570|1|UN|199|1,29|5,97|
|C425|910740|1|UN|82|0,53|2,46|
|C425|702180|1|UN|129|0,84|3,87|
|C420|N1|5|||
|C425|940350|1|UN|5|0,03|0,15|
|C490|000|5102|17|7898|7898|1342,66||
|C490|041|5102|0|5|0|0||
|C405|10082011|1|1371|27276|11069900,73|12533|
|C420|01T1700|12533|1||
|C425|330250|1|UN|99|0,64|2,97|
|C425|903573|1|UN|299|1,94|8,97|
|C425|150420|1|UN|99|0,64|2,97|
|C425|840480|1|UN|59|0,38|1,77|
|C425|040470|1|UN|389|2,53|11,67|
|C425|903170|1|UN|6|0,04|0,18|
|C425|031030|1|UN|1299|8,44|38,97|
|C425|702150|1|UN|10|0,07|0,3|
|C425|903180|3|UN|18|0,12|0,54|
|C425|700590|1|UN|9|0,06|0,27|
|C425|030100|1|UN|2866|18,63|85,98|
|C425|330150|1|UN|369|2,4|11,07|
|C425|290200|1|UN|119|0,77|3,57|
|C425|180770|2|UN|2398|15,59|71,94|
|C425|180190|1|UN|573|3,72|17,19|
|C425|103110|1|UN|59|0,38|1,77|
|C425|100210|1|UN|170|1,11|5,1|
|C425|040550|1|UN|159|1,03|4,77|
|C425|040520|2|UN|1998|12,99|59,94|
|C425|040440|1|UN|440|2,86|13,2|
|C425|040133|2|UN|1095|7,12|32,85|
|C490|000|5102|17|12533|12533|2130,61||
|C405|11082011|1|1372|27311|11087907,74|18007|
|C420|01T1700|18007|1||
|C425|680310|1|UN|89|0,58|2,67|
|C425|890390|1|UN|897|5,83|26,91|
|C425|031120|1|UN|999|6,49|29,97|
|C425|031263|1|UN|499|3,24|14,97|
|C425|840620|1|UN|55|0,36|1,65|
|C425|106130|1|UN|99|0,64|2,97|
|C425|880220|1|UN|79|0,51|2,37|
|C425|220403|1|UN|1800|11,7|54|
|C425|700100|1|UN|29|0,19|0,87|
|C425|520810|1|UN|22|0,14|0,66|
|C425|810520|2|UN|34|0,22|1,02|
|C425|200110|1|UN|698|4,54|20,94|
|C425|700270|2|UN|18|0,12|0,54|
|C425|502350|1|UN|29|0,19|0,87|
|C425|811580|1|UN|7|0,05|0,21|
|C425|200040|2|UN|3389|22,03|101,67|
|C425|810331|2|UN|142|0,92|4,26|
|C425|030143|1|UN|1715|11,15|51,45|
|C425|103110|1|UN|59|0,38|1,77|
|C425|040133|1|UN|345|2,24|10,35|
|C425|040173|1|UN|1049|6,82|31,47|
|C425|040223|1|UN|1569|10,2|47,07|
|C425|070420|1|UN|299|1,94|8,97|
|C425|090240|1|UN|59|0,38|1,77|
|C425|100200|2|UN|798|5,18|23,94|
|C425|100210|1|UN|360|2,34|10,8|
|C425|502181|1|UN|65|0,42|1,95|
|C425|150040|1|UN|59|0,38|1,77|
|C425|180270|1|UN|259|1,68|7,77|
|C425|180290|2|UN|242|1,57|7,26|
|C425|180920|2|UN|138|0,9|4,14|
|C425|220370|1|UN|1799|11,69|53,97|
|C425|290260|1|UN|49|0,32|1,47|
|C425|290300|2|UN|258|1,68|7,74|
|C490|000|5102|17|18007|18007|3061,19||
|C405|12082011|1|1373|27321|11088604,74|697|
|C420|01T1700|697|1||
|C425|090240|2|UN|118|0,77|3,54|
|C425|180590|1|UN|249|1,62|7,47|
|C425|180920|2|UN|138|0,9|4,14|
|C425|710290|1|UN|19|0,12|0,57|
|C425|500740|2|UN|50|0,33|1,5|
|C425|840980|1|UN|65|0,42|1,95|
|C425|680420|1|UN|45|0,29|1,35|
|C425|811700|1|UN|13|0,08|0,39|
|C490|000|5102|17|697|697|118,49||
|C405|13082011|1|1374|27342|11095711,76|7107|
|C420|01T1700|7107|1||
|C425|330250|1|UN|45|0,29|1,35|
|C425|900924|1|UN|37|0,24|1,11|
|C425|701590|1|UN|39|0,25|1,17|
|C425|120040|2|UN|130|0,85|3,9|
|C425|120030|1|UN|96|0,62|2,88|
|C425|820460|1|UN|5|0,03|0,15|
|C425|640520|1|UN|489|3,18|14,67|
|C425|160180|1|UN|99|0,64|2,97|
|C425|031150|1|UN|787|5,12|23,61|
|C425|031240|1|UN|117|0,76|3,51|
|C425|250520|1|UN|999|6,49|29,97|
|C425|220283|1|UN|795|5,17|23,85|
|C425|220223|1|UN|969|6,3|29,07|
|C425|180770|1|UN|540|3,51|16,2|
|C425|180290|2|UN|107|0,7|3,21|
|C425|100200|1|UN|185|1,2|5,55|
|C425|040423|1|UN|769|5|23,07|
|C425|040183|1|UN|899|5,84|26,97|
|C490|000|5102|17|7107|7107|1208,19||
|C405|16082011|1|1375|27359|11112803,77|17092|
|C420|01T1700|16843|1||
|C425|200520|1|UN|179|1,16|5,37|
|C425|910940|2|UN|218|1,42|6,54|
|C425|900070|1|UN|159|1,03|4,77|
|C425|103121|2|UN|10|0,07|0,3|
|C425|150420|1|UN|99|0,64|2,97|
|C425|700880|1|UN|10|0,07|0,3|
|C425|903220|1|UN|109|0,71|3,27|
|C425|180910|1|UN|4999|32,49|149,97|
|C425|031150|1|UN|1650|10,73|49,5|
|C425|030093|1|UN|2050|13,33|61,5|
|C425|040013|3|UN|3507|22,8|105,21|
|C425|950360|1|UN|499|3,24|14,97|
|C425|290060|1|UN|259|1,68|7,77|
|C425|200370|1|UN|329|2,14|9,87|
|C425|180770|1|UN|1199|7,79|35,97|
|C425|180190|1|UN|599|3,89|17,97|
|C425|103110|1|UN|59|0,38|1,77|
|C425|100160|1|UN|469|3,05|14,07|
|C425|100063|1|UN|290|1,89|8,7|
|C425|040550|1|UN|150|0,98|4,5|
|C420|N1|249|||
|C425|180900|1|UN|249|1,62|7,47|
|C490|000|5102|17|16843|16843|2863,31||
|C490|041|5102|0|249|0|0||
|C405|17082011|1|1376|27384|11123426,77|10623|
|C420|01T1700|10598|1||
|C425|880120|1|UN|89|0,58|2,67|
|C425|701190|1|UN|7|0,05|0,21|
|C425|813371|18|UN|90|0,59|2,7|
|C425|050840|1|UN|599|3,89|17,97|
|C425|040470|1|UN|389|2,53|11,67|
|C425|950090|1|UN|10|0,07|0,3|
|C425|903191|1|UN|12|0,08|0,36|
|C425|813440|1|UN|15|0,1|0,45|
|C425|700433|1|UN|8|0,05|0,24|
|C425|900282|1|UN|14|0,09|0,42|
|C425|103121|1|UN|5|0,03|0,15|
|C425|900191|1|UN|15|0,1|0,45|
|C425|970710|1|UN|23|0,15|0,69|
|C425|841105|1|UN|8|0,05|0,24|
|C425|300010|1|UN|615|4|18,45|
|C425|030130|1|UN|958|6,23|28,74|
|C425|330050|1|UN|49|0,32|1,47|
|C425|030143|1|UN|1899|12,34|56,97|
|C425|040013|1|UN|526|3,42|15,78|
|C425|040540|1|UN|1999|12,99|59,97|
|C425|040550|1|UN|72|0,47|2,16|
|C425|103110|2|UN|118|0,76|3,54|
|C425|180190|1|UN|270|1,76|8,1|
|C425|180203|1|UN|399|2,59|11,97|
|C425|031150|1|UN|1769|11,5|53,07|
|C425|650200|1|UN|39|0,25|1,17|
|C425|700480|1|UN|32|0,21|0,96|
|C425|701070|1|UN|15|0,1|0,45|
|C425|701800|1|UN|20|0,13|0,6|
|C425|813360|6|UN|54|0,35|1,62|
|C425|031120|1|UN|480|3,12|14,4|
|C420|N1|25|||
|C425|980310|1|UN|25|0,16|0,75|
|C490|000|5102|17|10598|10598|1801,66||
|C490|041|5102|0|25|0|0||
|C405|18082011|1|1377|27408|11135186,77|11760|
|C420|01T1700|11760|1||
|C425|500340|1|UN|5|0,03|0,15|
|C425|810422|1|UN|17|0,11|0,51|
|C425|810921|3|UN|30|0,2|0,9|
|C425|890360|1|UN|149|0,97|4,47|
|C425|031120|1|UN|970|6,31|29,1|
|C425|330030|1|UN|129|0,84|3,87|
|C425|160170|1|UN|199|1,29|5,97|
|C425|890500|1|UN|99|0,64|2,97|
|C425|501300|1|UN|5|0,03|0,15|
|C425|680281|1|UN|29|0,19|0,87|
|C425|531310|1|UN|15|0,1|0,45|
|C425|500390|2|UN|110|0,72|3,3|
|C425|701560|1|UN|18|0,12|0,54|
|C425|900951|1|UN|5|0,03|0,15|
|C425|700712|1|UN|29|0,19|0,87|
|C425|701831|1|UN|69|0,45|2,07|
|C425|030133|1|UN|843|5,48|25,29|
|C425|040530|1|UN|421|2,74|12,63|
|C425|030333|1|UN|1775|11,54|53,25|
|C425|030353|1|UN|1120|7,28|33,6|
|C425|030433|1|UN|374|2,43|11,22|
|C425|040250|1|UN|899|5,84|26,97|
|C425|040290|1|UN|495|3,22|14,85|
|C425|040360|1|UN|349|2,27|10,47|
|C425|330250|1|UN|99|0,64|2,97|
|C425|040550|1|UN|159|1,03|4,77|
|C425|070420|1|UN|285|1,85|8,55|
|C425|100210|1|UN|177|1,15|5,31|
|C425|180270|1|UN|122|0,79|3,66|
|C425|180290|1|UN|53|0,34|1,59|
|C425|180790|2|UN|2642|17,17|79,26|
|C425|180920|1|UN|69|0,45|2,07|
|C490|000|5102|17|11760|11760|1999,2||
|C405|19082011|1|1378|27429|11144642,78|9456|
|C420|01T1700|9411|1||
|C425|900950|1|UN|14|0,09|0,42|
|C425|502200|1|UN|55|0,36|1,65|
|C425|500380|1|UN|47|0,31|1,41|
|C425|890450|1|UN|119|0,77|3,57|
|C425|890560|2|UN|398|2,59|11,94|
|C425|120030|1|UN|99|0,64|2,97|
|C425|811700|1|UN|12|0,08|0,36|
|C425|970410|1|UN|29|0,19|0,87|
|C425|901000|1|UN|39|0,25|1,17|
|C425|950212|1|UN|99|0,64|2,97|
|C425|502120|1|UN|45|0,29|1,35|
|C425|970160|1|UN|29|0,19|0,87|
|C425|700322|1|UN|5|0,03|0,15|
|C425|900032|1|UN|129|0,84|3,87|
|C425|030133|1|UN|1799|11,69|53,97|
|C425|100200|1|UN|379|2,46|11,37|
|C425|030363|1|UN|1099|7,14|32,97|
|C425|030373|1|UN|540|3,51|16,2|
|C425|030393|1|UN|709|4,61|21,27|
|C425|030770|1|UN|1287|8,37|38,61|
|C425|031180|1|UN|1281|8,33|38,43|
|C425|040423|1|UN|356|2,31|10,68|
|C425|330050|1|UN|49|0,32|1,47|
|C425|103110|1|UN|59|0,38|1,77|
|C425|120080|1|UN|139|0,9|4,17|
|C425|180290|1|UN|119|0,77|3,57|
|C425|290033|1|UN|179|1,16|5,37|
|C425|290200|2|UN|238|1,54|7,14|
|C425|290340|1|UN|59|0,38|1,77|
|C420|N1|45|||
|C425|980110|1|UN|16|0,1|0,48|
|C425|710060|1|UN|29|0,19|0,87|
|C490|000|5102|17|9411|9411|1599,87||
|C490|041|5102|0|45|0|0||
|C405|20082011|1|1379|27442|11150075,8|5433|
|C420|01T1700|5433|1||
|C425|030433|1|UN|360|2,34|10,8|
|C425|103110|1|UN|59|0,38|1,77|
|C425|290210|1|UN|349|2,27|10,47|
|C425|030113|1|UN|1300|8,45|39|
|C425|050993|1|UN|2600|16,9|78|
|C425|200040|1|UN|765|4,97|22,95|
|C490|000|5102|17|5433|5433|923,61||
|C405|22082011|1|1380|27459|11165368,82|13694|
|C420|01T1700|13672|1||
|C425|180190|1|UN|599|3,89|17,97|
|C425|330020|1|UN|105|0,68|3,15|
|C425|950370|1|UN|1699|11,04|50,97|
|C425|910782|1|UN|69|0,45|2,07|
|C425|902740|1|UN|16|0,1|0,48|
|C425|180270|1|UN|259|1,68|7,77|
|C425|030103|1|UN|2620|17,03|78,6|
|C425|103110|1|UN|59|0,38|1,77|
|C425|030850|1|UN|2499|16,24|74,97|
|C425|030830|1|UN|2599|16,89|77,97|
|C425|030553|1|UN|1049|6,82|31,47|
|C425|030130|1|UN|2099|13,64|62,97|
|C420|N1|22|||
|C425|980220|2|UN|12|0,08|0,36|
|C425|980230|2|UN|10|0,07|0,3|
|C490|000|5102|17|13672|13672|2324,24||
|C490|041|5102|0|22|0|0||
|C405|23082011|1|1381|27488|11175176,83|9618|
|C420|01T1700|9430|1||
|C425|812170|1|UN|29|0,19|0,87|
|C425|903170|1|UN|6|0,04|0,18|
|C425|813350|1|UN|19|0,12|0,57|
|C425|840990|1|UN|119|0,77|3,57|
|C425|700880|1|UN|10|0,07|0,3|
|C425|120050|1|UN|151|0,98|4,53|
|C425|812890|1|UN|39|0,25|1,17|
|C425|810880|3|UN|36|0,23|1,08|
|C425|180550|1|UN|539|3,5|16,17|
|C425|101410|1|UN|12|0,08|0,36|
|C425|700881|1|UN|24|0,16|0,72|
|C425|700241|1|UN|29|0,19|0,87|
|C425|521160|2|UN|20|0,13|0,6|
|C425|701520|2|UN|138|0,9|4,14|
|C425|030373|1|UN|570|3,71|17,1|
|C425|101494|1|UN|35|0,23|1,05|
|C425|030523|1|UN|339|2,2|10,17|
|C425|030553|1|UN|1049|6,82|31,47|
|C425|030970|1|UN|1490|9,69|44,7|
|C425|040013|1|UN|1110|7,22|33,3|
|C425|040290|1|UN|1099|7,14|32,97|
|C425|100200|1|UN|379|2,46|11,37|
|C425|040570|1|UN|93|0,6|2,79|
|C425|103110|2|UN|118|0,77|3,54|
|C425|180790|1|UN|1799|11,69|53,97|
|C425|290290|1|UN|96|0,62|2,88|
|C425|330050|1|UN|49|0,32|1,47|
|C425|330210|1|UN|33|0,21|0,99|
|C420|N1|188|||
|C425|940390|1|UN|29|0,19|0,87|
|C425|940450|1|UN|159|1,03|4,77|
|C490|000|5102|17|9430|9430|1603,1||
|C490|041|5102|0|188|0|0||
|C405|24082011|1|1382|27509|11182933,83|7757|
|C420|01T1700|7743|1||
|C425|040143|1|UN|873|5,67|26,19|
|C425|890081|1|UN|69|0,45|2,07|
|C425|901712|1|UN|32|0,21|0,96|
|C425|150420|1|UN|99|0,64|2,97|
|C425|813350|1|UN|19|0,12|0,57|
|C425|701431|1|UN|35|0,23|1,05|
|C425|500612|1|UN|14|0,09|0,42|
|C425|220100|1|UN|749|4,87|22,47|
|C425|040133|5|UN|3945|25,64|118,35|
|C425|500610|1|UN|5|0,03|0,15|
|C425|900431|1|UN|29|0,19|0,87|
|C425|330030|1|UN|129|0,84|3,87|
|C425|040123|1|UN|749|4,87|22,47|
|C425|950360|1|UN|499|3,24|14,97|
|C425|890370|1|UN|349|2,27|10,47|
|C425|330050|1|UN|49|0,32|1,47|
|C425|120020|1|UN|99|0,64|2,97|
|C420|N1|14|||
|C425|940370|1|UN|14|0,09|0,42|
|C490|000|5102|17|7743|7743|1316,31||
|C490|041|5102|0|14|0|0||
|C405|25082011|1|1383|27523|11188531,83|5598|
|C420|01T1700|5598|1||
|C425|811700|2|UN|26|0,16|0,78|
|C425|103030|1|UN|59|0,38|1,77|
|C425|103080|1|UN|36|0,23|1,08|
|C425|902470|1|UN|25|0,16|0,75|
|C425|060300|1|UN|349|2,27|10,47|
|C425|700720|1|UN|39|0,25|1,17|
|C425|050983|1|UN|1879|12,21|56,37|
|C425|050553|1|UN|610|3,97|18,3|
|C425|040133|1|UN|789|5,13|23,67|
|C425|330020|1|UN|105|0,68|3,15|
|C425|890450|1|UN|119|0,77|3,57|
|C425|812040|2|UN|38|0,25|1,14|
|C425|702160|1|UN|17|0,11|0,51|
|C425|330050|1|UN|49|0,32|1,47|
|C425|180770|1|UN|1139|7,4|34,17|
|C425|180273|1|UN|319|2,07|9,57|
|C490|000|5102|17|5598|5598|951,66||
|C405|26082011|1|1384|27550|11196742,85|8211|
|C420|01T1700|8211|1||
|C425|850050|1|UN|52|0,34|1,56|
|C425|680930|1|UN|119|0,77|3,57|
|C425|910200|1|UN|9|0,06|0,27|
|C425|840980|2|UN|130|0,84|3,9|
|C425|530470|1|UN|45|0,29|1,35|
|C425|840771|1|UN|49|0,32|1,47|
|C425|120050|1|UN|159|1,03|4,77|
|C425|970410|1|UN|29|0,19|0,87|
|C425|101410|2|UN|24|0,16|0,72|
|C425|700881|1|UN|29|0,19|0,87|
|C425|950131|2|UN|28|0,18|0,84|
|C425|810610|1|UN|19|0,12|0,57|
|C425|270010|1|UN|275|1,79|8,25|
|C425|500191|1|UN|59|0,38|1,77|
|C425|030363|1|UN|494|3,21|14,82|
|C425|101210|1|UN|35|0,23|1,05|
|C425|031073|1|UN|744|4,84|22,32|
|C425|031283|1|UN|2319|15,07|69,57|
|C425|040173|1|UN|1049|6,82|31,47|
|C425|040183|1|UN|899|5,84|26,97|
|C425|060310|1|UN|147|0,96|4,41|
|C425|812250|1|UN|18|0,12|0,54|
|C425|103110|2|UN|118|0,76|3,54|
|C425|180270|1|UN|259|1,68|7,77|
|C425|180920|1|UN|35|0,23|1,05|
|C425|250520|1|UN|999|6,49|29,97|
|C425|330050|1|UN|49|0,32|1,47|
|C425|670740|2|UN|20|0,13|0,6|
|C490|000|5102|17|8211|8211|1395,87||
|C405|27082011|1|1385|27560|11199903,85|3161|
|C420|01T1700|3161|1||
|C425|811700|1|UN|13|0,08|0,39|
|C425|901672|1|UN|59|0,38|1,77|
|C425|900261|1|UN|16|0,1|0,48|
|C425|970560|1|UN|45|0,29|1,35|
|C425|970440|1|UN|45|0,29|1,35|
|C425|813570|2|UN|130|0,85|3,9|
|C425|106090|1|UN|55|0,36|1,65|
|C425|150420|1|UN|99|0,64|2,97|
|C425|220120|1|UN|1099|7,14|32,97|
|C425|180420|1|UN|799|5,19|23,97|
|C425|700880|1|UN|10|0,07|0,3|
|C425|901610|6|UN|138|0,9|4,14|
|C425|500130|1|UN|29|0,19|0,87|
|C425|500411|1|UN|8|0,05|0,24|
|C425|702040|1|UN|25|0,16|0,75|
|C425|700650|1|UN|19|0,12|0,57|
|C425|180920|1|UN|32|0,21|0,96|
|C425|180770|1|UN|540|3,51|16,2|
|C490|000|5102|17|3161|3161|537,37||
|C405|29082011|1|1386|27583|11209823,85|9920|
|C420|01T1700|9671|1||
|C425|501791|1|UN|22|0,14|0,66|
|C425|811130|1|UN|11|0,07|0,33|
|C425|290280|1|UN|119|0,77|3,57|
|C425|500310|1|UN|10|0,07|0,3|
|C425|501790|1|UN|29|0,19|0,87|
|C425|702010|1|UN|15|0,1|0,45|
|C425|501160|1|UN|7|0,05|0,21|
|C425|500520|1|UN|9|0,06|0,27|
|C425|040453|1|UN|629|4,09|18,87|
|C425|180550|1|UN|539|3,5|16,17|
|C425|650350|1|UN|14|0,09|0,42|
|C425|970340|1|UN|65|0,42|1,95|
|C425|060330|1|UN|249|1,62|7,47|
|C425|810392|1|UN|69|0,45|2,07|
|C425|810562|1|UN|39|0,25|1,17|
|C425|030130|1|UN|1930|12,55|57,9|
|C425|180390|1|UN|1099|7,14|32,97|
|C425|040173|1|UN|498|3,24|14,94|
|C425|100210|1|UN|379|2,46|11,37|
|C425|103110|1|UN|59|0,38|1,77|
|C425|180270|1|UN|259|1,68|7,77|
|C425|180280|1|UN|89|0,58|2,67|
|C425|180290|1|UN|119|0,77|3,57|
|C425|030450|1|UN|873|5,67|26,19|
|C425|180700|1|UN|1650|10,73|49,5|
|C425|180770|1|UN|570|3,71|17,1|
|C425|813360|2|UN|18|0,12|0,54|
|C425|040570|1|UN|199|1,29|5,97|
|C425|500550|1|UN|5|0,03|0,15|
|C425|950120|2|UN|98|0,64|2,94|
|C420|N1|249|||
|C425|180900|1|UN|249|1,62|7,47|
|C490|000|5102|17|9671|9671|1644,07||
|C490|041|5102|0|249|0|0||
|C405|30082011|1|1387|27599|11213080,86|3257|
|C420|01T1700|3098|1||
|C425|812010|2|UN|34|0,22|1,02|
|C425|811580|1|UN|7|0,05|0,21|
|C425|903432|1|UN|13|0,08|0,39|
|C425|900951|1|UN|5|0,03|0,15|
|C425|650290|1|UN|18|0,12|0,54|
|C425|701110|1|UN|14|0,09|0,42|
|C425|180270|2|UN|518|3,36|15,54|
|C425|880150|1|UN|79|0,51|2,37|
|C425|701890|1|UN|40|0,26|1,2|
|C425|701510|1|UN|19|0,12|0,57|
|C425|180910|1|UN|2245|14,59|67,35|
|C425|501130|1|UN|7|0,05|0,21|
|C425|330250|1|UN|99|0,64|2,97|
|C420|N1|159|||
|C425|940450|1|UN|159|1,03|4,77|
|C490|000|5102|17|3098|3098|526,66||
|C490|041|5102|0|159|0|0||
|C400|2D|ECF|BE0106SC56001133153|4|
|C405|01082011|1|1051|13465|10728371,68|21537|
|C420|01T1700|21537|1||
|C425|180270|1|UN|259|1,68|7,77|
|C425|270010|1|UN|579|3,76|17,37|
|C425|030203|1|UN|3199|20,79|95,97|
|C425|180550|1|UN|519|3,37|15,57|
|C425|050683|1|UN|839|5,45|25,17|
|C425|050543|1|UN|459|2,98|13,77|
|C425|031190|1|UN|999|6,49|29,97|
|C425|040123|1|UN|700|4,55|21|
|C425|180790|1|UN|1719|11,17|51,57|
|C425|180770|1|UN|1159|7,53|34,77|
|C425|030283|1|UN|499|3,24|14,97|
|C425|100200|1|UN|409|2,66|12,27|
|C425|100160|1|UN|396|2,57|11,88|
|C425|040520|1|UN|999|6,49|29,97|
|C425|040280|1|UN|1350|8,78|40,5|
|C425|030970|1|UN|1412|9,18|42,36|
|C425|030960|1|UN|720|4,68|21,6|
|C425|030830|1|UN|2599|16,89|77,97|
|C425|030543|1|UN|674|4,38|20,22|
|C425|030433|1|UN|799|5,19|23,97|
|C425|030373|1|UN|1249|8,12|37,47|
|C490|000|5102|17|21537|21537|3661,29||
|C405|02082011|1|1052|13485|10731405,68|3034|
|C420|01T1700|3034|1||
|C425|910784|1|UN|69|0,45|2,07|
|C425|840541|1|UN|30|0,2|0,9|
|C425|520440|1|UN|71|0,46|2,13|
|C425|901130|1|UN|85|0,55|2,55|
|C425|900090|1|UN|59|0,38|1,77|
|C425|500082|1|UN|49|0,32|1,47|
|C425|970100|1|UN|129|0,84|3,87|
|C425|030433|1|UN|380|2,47|11,4|
|C425|900450|2|UN|94|0,61|2,82|
|C425|840431|1|UN|69|0,45|2,07|
|C425|290300|1|UN|139|0,9|4,17|
|C425|180280|1|UN|89|0,58|2,67|
|C425|180270|2|UN|518|3,36|15,54|
|C425|100210|1|UN|379|2,46|11,37|
|C425|040440|2|UN|874|5,68|26,22|
|C490|000|5102|17|3034|3034|515,78||
|C405|03082011|1|1053|13496|10733153,68|1748|
|C420|01T1700|1748|1||
|C425|040423|1|UN|799|5,19|23,97|
|C425|290230|1|UN|129|0,84|3,87|
|C425|290340|1|UN|69|0,45|2,07|
|C425|890550|1|UN|199|1,29|5,97|
|C425|900431|1|UN|29|0,19|0,87|
|C425|840620|1|UN|55|0,36|1,65|
|C425|040470|1|UN|389|2,53|11,67|
|C425|502202|1|UN|79|0,51|2,37|
|C490|000|5102|17|1748|1748|297,16||
|C405|08082011|1|1057|13526|10741217,68|8064|
|C420|01T1700|8064|1||
|C425|290270|1|UN|89|0,58|2,67|
|C425|105090|1|UN|139|0,9|4,17|
|C425|910960|1|UN|59|0,38|1,77|
|C425|290320|1|UN|1799|11,69|53,97|
|C425|900455|1|UN|35|0,23|1,05|
|C425|950151|1|UN|79|0,51|2,37|
|C425|501120|1|UN|49|0,32|1,47|
|C425|950300|1|UN|89|0,58|2,67|
|C425|501110|1|UN|289|1,88|8,67|
|C425|040423|1|UN|770|5,01|23,1|
|C425|030123|1|UN|3199|20,79|95,97|
|C425|910740|1|UN|85|0,55|2,55|
|C425|910781|1|UN|69|0,45|2,07|
|C425|290340|1|UN|59|0,38|1,77|
|C425|290300|1|UN|129|0,84|3,87|
|C425|290230|1|UN|129|0,84|3,87|
|C425|290220|1|UN|79|0,51|2,37|
|C425|180203|1|UN|399|2,59|11,97|
|C425|100030|1|UN|519|3,37|15,57|
|C490|000|5102|17|8064|8064|1370,88||
|C405|10082011|1|1059|13534|10748017,68|6800|
|C420|01T1700|6800|1||
|C425|030100|1|UN|2866|18,63|85,98|
|C425|030133|1|UN|1700|11,05|51|
|C425|030770|1|UN|1221|7,94|36,63|
|C425|040440|1|UN|440|2,86|13,2|
|C425|180190|1|UN|573|3,72|17,19|
|C490|000|5102|17|6800|6800|1156||
|C405|13082011|1|1062|13544|10749416,68|1399|
|C420|01T1700|1399|1||
|C425|040213|1|UN|1399|9,09|41,97|
|C490|000|5102|17|1399|1399|237,83||
|C405|16082011|1|1063|13548|10753715,68|4299|
|C420|01T1700|4299|1||
|C425|030373|1|UN|1300|8,45|39|
|C425|030083|1|UN|2999|19,49|89,97|
|C490|000|5102|17|4299|4299|730,83||
|C405|17082011|1|1064|13552|10754005,68|290|
|C420|01T1700|290|1||
|C425|100063|1|UN|290|1,89|8,7|
|C490|000|5102|17|290|290|49,3||
|C405|23082011|1|1069|13568|10754505,68|500|
|C420|01T1700|500|1||
|C425|030363|1|UN|500|3,25|15|
|C490|000|5102|17|500|500|85||
|C405|26082011|1|1072|13579|10758807,68|4302|
|C420|01T1700|4302|1||
|C425|030133|1|UN|1799|11,69|53,97|
|C425|150070|1|UN|69|0,45|2,07|
|C425|180770|1|UN|1199|7,79|35,97|
|C425|031030|1|UN|1235|8,03|37,05|
|C490|000|5102|17|4302|4302|731,34||
|C990|1952|
|D001|0|
|D100|0|1|28|08|00|U||054832||11082011|29082011|||261,51||2|261,51|261,51|18,31||||
|D190|000|2353|7,00|261,51|261,51|18,31|0||
|D100|0|1|800006985|08|00|U||109676||03082011|18082011|||206,22||2|206,22|206,22|24,75||||
|D190|000|2353|12,00|206,22|206,22|24,75|0||
|D100|0|1|800006989|08|00|U||801144||05082011|20082011|||206,42||2|206,42|206,42|22,81||||
|D190|000|2353|11,05|206,42|206,42|22,81|0||
|D100|0|1|800006987|08|00|U||092814||27082011|31082011|||11178,03||2|11178,03|11178,03|782,46||||
|D190|000|2353|7,00|11178,03|11178,03|782,46|0||
|D100|0|1|800006987|08|00|U||072761||27072011|17082011|||558,48||2|558,48|558,48|39,09||||
|D190|000|2353|7,00|558,48|558,48|39,09|0||
|D100|0|1|800006984|08|00|U||112609||27082011|31082011|||3587,85||2|3587,85|3587,85|430,54||||
|D190|000|2353|12,00|3587,85|3587,85|430,54|0||
|D100|0|1|800007174|08|00|U||112932||15082011|26082011|||101,72||2|101,72|101,72|12,21||||
|D190|000|2353|12,00|101,72|101,72|12,21|0||
|D990|16|
|E001|0|
|E100|01082011|31082011|
|E110|69315,94|0|0|0|44930,12|0|29563,35|0|0|0|0|0|5177,53|0|
|E111|CE020002|Crédito Antecipado|29563,35|
|E990|5|
|G001|1|
|G990|2|
|H001|1|
|H990|2|
|1001|0|
|1700|03|01|||119609|119609|201003857|
|1700|03|01|||119611|119617|201003857|
|1700|03|01|||119620|119621|201003857|
|1700|03|01|||119623|119647|201003857|
|1700|03|01|||119649|119654|201003857|
|1700|03|01|||119656|119658|201003857|
|1700|03|01|||119660|119677|201003857|
|1700|03|01|||119680|119697|201003857|
|1700|03|01|||119699|119710|201003857|
|1700|03|01|||119712|119713|201003857|
|1700|03|01|||119715|119719|201003857|
|1700|03|01|||119721|119722|201003857|
|1700|03|01|||119724|119728|201003857|
|1700|03|01|||119731|119731|201003857|
|1700|03|01|||119733|119734|201003857|
|1700|03|01|||119736|119757|201003857|
|1700|03|01|||119759|119771|201003857|
|1990|19|
|9001|0|
|9900|0000|1|
|9900|0001|1|
|9900|0005|1|
|9900|0100|1|
|9900|0150|47|
|9900|0190|6|
|9900|0200|592|
|9900|0220|48|
|9900|0500|1|
|9900|0990|1|
|9900|C001|1|
|9900|C100|212|
|9900|C170|742|
|9900|C190|216|
|9900|C400|2|
|9900|C405|35|
|9900|C420|46|
|9900|C425|651|
|9900|C490|46|
|9900|C990|1|
|9900|D001|1|
|9900|D100|7|
|9900|D190|7|
|9900|D990|1|
|9900|E001|1|
|9900|E100|1|
|9900|E110|1|
|9900|E111|1|
|9900|E990|1|
|9900|G001|1|
|9900|G990|1|
|9900|H001|1|
|9900|H990|1|
|9900|1001|1|
|9900|1700|17|
|9900|1990|1|
|9900|9001|1|
|9900|9900|40|
|9900|9990|1|
|9900|9999|1|
|9990|43|
|9999|2738|
