|0000|004|1|01092011|30092011|LOJAS CARROSSEL COMERCIO E REPRESENTACOES LTDA|23455967000163||CE|060730463|2304400|||B|1|
|0001|0|
|0005|LOJAS CARROSSEL|60125160|RUA VISCONDE DE MAUA|2085||ALDEOTA|8532614533||lojascarrossel@hotmail.com|
|0100|JOSE ADRIANO PONTES FEITOSA|26472830363|CE011117O6||60025100|RUA MAJOR FACUNDO|844|SALAS 42 E 44|CENTRO|8532532340||adrianofeitosa44@yahoo.com.br|2304400|
|0150|28|TRANSLATINO - LPS TRANSPORTES LTDA|1058|07655778000269||336836272119|3518800||PRACA SAO FRANCISCO DE OLIVEIRA|12||CUMBICA|
|0150|41|FUJITA ENGENHARIA LTDA|1058|72570740000174||069144869|2304400||AV.DESEMBARGADOR MOREIRA|2120||ALDEOTA|
|0150|208|D.R LINGERIE IND COM S/A|1058|00119633000113||069589712|2307650||ROD DOUTOR MENDEL STEINBRUCH|10520|PAJUÇARA|DISTRITO INDUSTRIAL|
|0150|6488|AUTO PECAS CAMPINA GRANDE LTDA|1058|07343858000289||069603170|2304400||AV. VISCONDE DO RIO BRANCO||6213 TERREO|AEROLANDIA|
|0150|100004344|FAZZA MOTORS COM.DE VEICULOS LTDA|1058|12350398000175|||2304400||Av Rogaciano Leite|1033||Guararapes|
|0150|100004485|TRANSPORTES BERTOLINI LTDA|1058|04503660000146||041703111|1302603||R RAIMUNDO NONATO DE CASTRO 260||||
|0150|800006019|LUSITANIA EMP.TURISTICOS LTDA|1058|03586356000228||063211068|2304400||Av Beira Mar|2600||Meireles|
|0150|800006974|ESMALTEC S A|1058|02948030000230||063050536|2307650||AVENIDA PARQUE OESTE|2130||DISTRITO INDUSTRIAL|
|0150|800006976|CONEXAO TRANSPORTES DIST E LOG LTDA|1058|63318604000281|||3518800||R Rua Paschoal Ricci|30||Jardim Presidente Dutra|
|0150|800006977|LOJAS CARROSSEL COMERCIO E REPRESENTACOES LTDA|1058|23455967000163|||2304400||RUA VISCONDE DE MAUA,2085 ALDEOTA|||ALDOTA|
|0150|800006985|MABE BRASIL ELETRODOMESTICOS LTDA|1058|60736279001250||748018519117|3519071||PQ PARQUE INDUSTRIAL BS CONTINEN|||JD.SAO CAMILO|
|0150|800006986|WHIRPOOL S.A|1058|59105999003959||250050889|4209102||DONA FRANCISCA|7200||INDUSTRIAL|
|0150|800006987|MLOG ARMAZEM GERAL LTDA-JLLE|1058|05117268000806||255247770|4209102||DONA FRANCISCA 7200||||
|0150|800006989|MLOG ARMAZEM GERAL LTDA-RC|1058|05117268000555||587274102112|3543907||AV. 80-A 77||||
|0150|800006990|PANASONIC DO BRASIL LIMITADA|1058|04403408000165||062001167|1302603||Rua Matrinxa|1155||D.INDUSTRIAL|
|0150|800006991|WHIRLPOOL ELETROMESTICOS AM S.A|1058|63699839000180||062001256|1302603||Av Torquato Tapajós|7500||Colônia Terra Nova|
|0150|800006994|ZAIRTON GASPAR DE OLIVEIRA FILHO|1058||12211680372||2304400||R R.BARBOSA DE FREITAS 171 APTO 500|||MEIRELES|
|0150|800007034|MLS TRANSP. E CARGAS LTDA|1058|11114508000218||336249093118|3518800||AV. JUSTINO DE MAIO, 840|840||Cidade Industrial SatÚlit|
|0150|800007035|TRAMONTINA NORDESTE S/A|1058|15205628000109||00637301|2930709||RODOVIA BR 324||KM 17S/N,|CIA|
|0150|800007037|MADSON ELETROMETALURGICA LTDA|1058|20520367000224||0622699600147|3106200||R R JERONIMO MARCUCCI, 74||||
|0150|800007042|IRMAOS FISCHER S/A IND.E COM.|1058|82984287000104||250176475|4202909||RD Antônio Heil|5600||Limoeiro|
|0150|800007075|PHILIPS DO BRASIL LTDA|1058|61086336014406||7070084780224|3170701||R Otto Salgado|250||Distrito Industrial Cláud|
|0150|800007077|CEVA LOGISTCS LTDA|1058|43854116006484||407414996117|3525904||Av Engenheiro Tasso Pinheiro|1111||Distrito Industrial|
|0150|800007078|PHILIPS DO BRASIL LTDA.|1058|61086336001851||062001060|1302603||Avenida Torquato Tapajos|2236|Parte|Flores|
|0150|800007081|PHILIPS DO BRASIL LTDA|1058|61086336002157||407492589117|3525904||Av Engenheiro Tasso Pinheiro|1111||Vila Maringá|
|0150|800007186|ALBERTO V.CARAPEBA ADV.& CONS.EMP.L|1058|08561105000121|||2304400||Av Santos Dumont|2456|CJ.1901/1905|Aldeota|
|0150|800007189|BEACH PARK HOT.E TUR-SPC ACQUA RESO|1058|11805397000539|||2301000||AV VIA LOCAL 34||S/N|Centro|
|0150|800007195|RENT AR COM.E SERV.DE APAR.ELETRO.E ELET.IMP.EXP.L|1058|07410107000157|||2304400||Av Washington Soares|909||Edson Queiroz|
|0150|800007196|MRV MAGIS VII INCORPORA?OES SPE LTD|1058|12509877000191|||2307650||R Antônio Alencar|||Centro|
|0150|800007197|RESERVA JARDIM INCORPORACOES SPE LTDA|1058|09486157000143|||2304400||AV; ALBERTO CRAVEIRO|1240||BOA VISTA|
|0150|800007198|TRAMONTINA RECIFE S/A|1058|08012221000191|||2611606||AV AV.BARAO DE BONITO,1110 BLOCO A||||
|0150|800007199|MULTIFLON REVEST.ANTIAD.LTDA|1058|91903443000148||0290160219|4305108||R DemÚtrio Ângelo Tiburi|1716||Bela Vista|
|0150|800007200|RICAELLE INDUSTRIA E COM.LTDA|1058|50257096000146||110004116117|3550308||AV Franz Liszt|145|145|Jardim Guanca|
|0150|800007201|DFA REPRESENTA?OES LTDA|1058|13087410000163|||2312908||Av Senador Fernandes Távora|332|SALA-02|Dom Expedito|
|0150|800007202|FORTES TREINAMENTO E DES.HUMANO|1058|63486815000142|||2304400||R Solon Pinheiro|1227||JosÚ Bonifácio|
|0150|800007203|CONSTRUTORA SOBERANA LTDA|1058|07292534000188||061833282|2304400||RUA SILVA PAULET 3279 LOJA 09 BLOCO B - D.TORRES|3279||D TORRES|
|0150|800007204|LUSITANIA EMPREEND.TURISTICOS LTDA|1058|03586356000147||062911015|2304400||Av. Beira Mar|2600||Meireles|
|0150|800007205|UBIRATAN SOUTO BOTELHO|1058||10958622353||2312601||R Antenor CÔmara|586|RUA BOM JESUS,586|Centro|
|0150|800007206|HERBENIA LEITE CRUZ RUFINO|1058||27346509323||2211001||R Monsenhor Gil|2930||Frei Serafim|
|0150|800007207|PAULO CIRLEN OLIVEIRA GUIMARAES|1058||60540416819||2304400||R Inácio Vasconcelos|245||Messejana|
|0150|800007208|JOAO LUIS DANTAS SOARES ME|1058|41288309000106|||2304285||R DINAMARCA 02 QD.P1 LOTE 02|162|RUA SAO MIGUEL,162|Centro|
|0150|800007209|FRANCISCA GOMES DAS CHAGAS|1058||38156173678||2304400||R JosÚ Napoleão|145||Meireles|
|0150|800007210|DEBORA CAROLINE MAIA BEZERRA|1058||34542134601||2304400||R Francisco Alves Ribeiro|157|CASA 45|Jangurussu|
|0150|800007211|ERALDO CIDRACK DO VALE FILHO|1058||23571470320||2301000||R VIA LOCAL||S/NRUA FRANCISCO CAM|Centro|
|0150|800007290|CENTRAL TÚCNICA B&B COMÚRCIO E SERVIçOS LTDA|1058|01598102000113||069809453|2304400||Rua Monsenhor Salazar||624|Sao Joao do Tauape|
|0150|800008026|LOJAS CARROSSEL COM. E REP.LTDA|1058|23455967000597||066697743|2304400||WASHINGTON SOARES||85 TERREO L.58A085|Edson Queiroz|
|0150|800008028|WHIRLPOOL S.A.|1058|59105999000348||587083307116|3543907||Av 80 A|777||Distrito Industrial|
|0150|800008058|CONDOMINIO EDIFICIO LE JARDIM|1058|01306298000125|||2304400||R Leonardo Mota|1831||Aldeota|
|0150|800008059|FULL FIT IND.IMP.E COM.LTDA. (ES)|1058|60963378000201||082747199|3201308||ROD BR 101 NORTE CONTORNO|600|0, KM 290 GALPAO 23|TABAJARA|
|0150|800009987|CONSTRUTORA MOTA MACHADO|1058|07282783000192||061030155|2304400||Av Dom Luís|880|1ANDAR|Meireles|
|0150|800012652|J & W BRITO COMERCIO E SERV. DE APARELHOS ELETRO. LTDA EPP|1058|12248126000169||060617888|2304400||RUA MONSENHOR SALAZAR||640|TAUAPE|
|0190|UN|unidad|
|0190|PC|pacote|
|0190|PEC|pecote|
|0200|030053|REF.BRASTEMP F.FREE 420L BRM42 BR|||UN|00||||||
|0200|030130|REF.BRASTEMP F.FREE 352L BRM39 INOX|||UN|00||||||
|0200|030133|REF.BRASTEMP F.FREE 352L BRM39 BR|||UN|00||||||
|0200|030253|SEC.BRASTEMP/PISO ROTAT.BSR10A BR|||UN|00||||||
|0200|030333|LAVAROUPA BRASTEMP 11KG BWL11 INOX|||UN|00||||||
|0220|PC|1,000|
|0200|030353|LAVASECA BRASTEMP 7kg/4Kg BWS24 PRATA|||UN|00||||||
|0200|030363|LAVAROUPA BRASTEMP 8KG BWB08A|||UN|00||||||
|0200|030373|LAVAROUPA TOTAL BRASTEMP 9KG BWL09A|||UN|00||||||
|0200|030383|LAVAROUPA BRASTEMP 11Kg BWL11 BR|||UN|00||||||
|0200|030433|FOGAO BRASTEMP CLEAN 4B BFO50BB BR|||UN|00||||||
|0200|030443|FOGAO BRASTEMP CLEAN 6B BFO76BB BR|||UN|00||||||
|0200|030450|FOGAO BRASTEMP CLEAN 4B BFO50 INOX|||UN|00||||||
|0200|030460|FOGAO BRASTEMP CLEAN 6B BFO76 INOX|||UN|00||||||
|0220|PC|1,000|
|0200|030473|AR SPLIT BRASTEMP 9000BTU BBV09/BBY09|||UN|00||||||
|0200|030483|AR SPLIT BRASTEMP 12000BTU BBV12/BBY12|||UN|00||||||
|0200|030523|DEPURADOR BRASTEMP DE VILLE 4B BAA60|||UN|00||||||
|0220|PC|1,000|
|0200|030533|DEPURADOR BRASTEMP DE VILLE 6B BAA80|||UN|00||||||
|0220|PC|1,000|
|0200|030543|DEPUR.BRASTEMP QUALITY 4B XAT60 INOX|||UN|00||||||
|0200|030553|DEPUR.BRASTEMP QUALITY 6B XAT80 INOX|||UN|00||||||
|0220|PC|1,000|
|0200|030910|COOKTOP BRASTEMP 5B GAS VIDRO BDD76|||UN|00||||||
|0220|PC|1,000|
|0200|030940|FRIGO.BRASTEMP PORT/VIDRO 80L BZA08|||UN|00||||||
|0220|PC|1,000|
|0200|030960|ADEGA BRASTEMP 12GARRFAS BZC12 PRETA|||UN|00||||||
|0220|PC|1,000|
|0200|030970|FRIGOBAR BRASTEMP 120L BRC12X INOX|||UN|00||||||
|0200|031073|FOG.BRAST.ATIVE EMB.5B TIME BY776 BR|||UN|00||||||
|0220|PC|1,000|
|0200|031130|COIFA BRASTEMP BAI91 INOX|||UN|00||||||
|0220|PC|1,000|
|0200|031170|FOG.BRASTEMP ATIVE 5B EMB. BY776 INOX|||UN|00||||||
|0220|PC|1,000|
|0200|031240|ASPIRADOR PO BRASTEMP CLEAN B7B14A|||UN|00||||||
|0200|040053|REF.CONSUL 360L DUPLEX CRD36F BR|||UN|00||||||
|0200|040103|FREEZER CONSUL 260L CVU26D BR|||UN|00||||||
|0200|040133|FRIGOBAR CONSUL 120L CRC12A BR|||UN|00||||||
|0200|040173|FREEZER CONSUL 200L CVU20D BR|||UN|00||||||
|0200|040183|FREEZER CONSUL 100LTS CVT10B BRANCO|||UN|00||||||
|0200|040213|REF.CONSUL F.FREE 330L CRM33A BR|||UN|00||||||
|0200|040223|REF.CONSUL F.FREE 370L CRM37 BR|||UN|00||||||
|0200|040250|AR COND.CONSUL 7500 CCN07 C/CONT.|||UN|00||||||
|0220|PC|1,000|
|0200|040280|AR COND.CONSUL 12000 CCY12A C/CONTROLE|||UN|00||||||
|0220|PC|1,000|
|0200|040290|AR COND.CONSUL 10000 CCN10 C/CONT.|||UN|00||||||
|0220|PC|1,000|
|0200|040340|AR CONDICIONADO CONSUL 18000 CCI18C|||UN|00||||||
|0220|PC|1,000|
|0200|040383|FOG.CONSUL FACILITE 4B CF550 INOX|||UN|00||||||
|0220|PC|1,000|
|0200|040393|FOG.CONSUL FACILITE 6B CF576 INOX|||UN|00||||||
|0200|040423|LAVAROUPA CONSUL 7KG CWI07 BR|||UN|00||||||
|0200|040430|DEPURADOR CONSUL 4B CAT60 INOX|||UN|00||||||
|0200|040440|DEPURADOR CONSUL 6B CAT80 INOX|||UN|00||||||
|0200|040520|AR SPLIT CONSUL 12000BTU CBV12/CBY12|||UN|00||||||
|0220|PC|1,000|
|0200|040550|ASPIRADOR PO CONSUL LEVE C7P13B|||UN|00||||||
|0200|050610|FOGAO CONT.SPLENDIDO 6B INOX|||UN|00||||||
|0200|070410|TV CCE 14 C/CONTROLE|||UN|00||||||
|0200|070420|TV CCE 14 TELA PLANA TV-1418|||UN|00||||||
|0200|090220|CENTRIFUGA NKS TSK445 BRANCA|||UN|00||||||
|0200|090240|GRILL/SANDUICHEIRA NKS I-15 PRETA/IN|||UN|00||||||
|0200|100030|FOGAO ESMALTEC SAMOA 4B INOX 4013|||UN|00||||||
|0200|100160|GELAGUA ESMALTEC EGC35B INOX PR|||UN|00||||||
|0200|100200|GELAGUA COLUNA ESMALTEC EGC35B|||UN|00||||||
|0200|100210|GELAGUA MESA ESMALTEC EGM30 BR|||UN|00||||||
|0200|120020|LIQUIDIFICADOR C/FILTRO MONDIAL L-51|||UN|00||||||
|0200|120080|VENTILADOR COLUNA 40CM MONDIAL V-61|||UN|00||||||
|0200|120090|VENTILADOR 30CM MONDIAL NV-31|||UN|00||||||
|0200|150040|VENTILADOR MALLORY BOREAL 30CM|||UN|00||||||
|0200|150070|SANDUICHEIRA MALLORY GRILLMAX|||UN|00||||||
|0200|180203|F.MIC.PANASONIC FAMILY 35L NN-ST669|||UN|00||||||
|0200|180260|F.MI.PANASONIC PICCOLO NN-ST359 PRATA|||UN|00||||||
|0200|180280|TEL.S/FIO PANASONIC KXTG1371(1,9GHz)|||UN|00||||||
|0200|180290|TELEF.BINA PANASONIC KXTG1381(1,9GHZ)|||UN|00||||||
|0200|180420|MINI SYSTEM PANASONIC SC-AKX52LB|||UN|00||||||
|0200|180580|RAMAL/SECRET.PANASONIC KX-TG6522|||UN|00||||||
|0200|180770|TV PANASONIC LCD DTV 32 TC-L32C30B|||UN|00||||||
|0200|180790|TV PANASONIC LCD 42 TC-L42U30B|||UN|00||||||
|0200|180920|SUPORTE P/TV LCD 17 A 60 FIXO|||UN|00||||||
|0200|220370|FOG.ELECTROLUX 2xFORNO 4B INOX 56DTX|||UN|00||||||
|0200|290060|FORNO ELETRICO SUGGAR 23L FE2322 INOX|||UN|00||||||
|0200|290190|SANDUICHEIRA SUGGAR SD-2022|||UN|00||||||
|0200|290220|LIQUID.SUGGAR LIQMAX LQ2222|||UN|00||||||
|0200|290230|GRILL COOK PRESS SUGGAR GR2042|||UN|00||||||
|0200|290260|JARRA ELETRICA SUGGAR JR1002|||UN|00||||||
|0200|290290|PANELA ELETRICA SUGGAR PE1022|||UN|00||||||
|0200|290300|CAFETEIRA SUGGAR 20XIC.INOX CF2022|||UN|00||||||
|0200|330050|FERRO WALITA AUTOMATICO RI133|||UN|00||||||
|0200|330090|BATEDEIRA WALITA RI7110|||UN|00||||||
|0220|PC|1,000|
|0200|330150|LIQUID. WALITA ALUMINIO RI2094|||UN|00||||||
|0220|PC|1,000|
|0200|330210|LIQUID. WALITA 2V RI2008|||UN|00||||||
|0200|330250|SANDUIC.WALITA GRILL 2386 PANINI|||UN|00||||||
|0220|PC|1,000|
|0200|500561|PICADOR/CEBO.BLACK WHITE MIMO SF9213|||UN|00||||||
|0200|500611|FACA MULTI.C/CABO COLOR MIMO ALA1082|||UN|00||||||
|0200|501720|VAPOREIRA/SILICONE MIMO 998004|||UN|00||||||
|0200|502201|BAND./ALCA OVAL INOX GR MIMO BJ1106|||UN|00||||||
|0200|650200|PROTETOR P/GARRAFAO AQUAXIQUE|||UN|00||||||
|0200|700590|AFIADOR FACAS HUDSON FK42181|||UN|00||||||
|0200|701810|POTE PLAST.CONSERVAR HUDSON MS31131|||UN|00||||||
|0200|813370|BALDE P/PIPOCA PLAST.EDF.GRANDE SX96|||UN|00||||||
|0200|840970|PRATO GITATORIO 40CM BENC.74106|||UN|00||||||
|0200|910781|JG.6TACAS CLAUDIA V.TINTO RICAELLE|||UN|00||||||
|0200|910782|JG.6TACAS CLAUDIA V.BRANCO RICAELLE|||UN|00||||||
|0200|910785|JG.6TACAS CLAUDIA CHAMPANHE RICAELLE|||UN|00||||||
|0200|950010|FOGAO GAS PORTATIL CHEFS YOI PRETO|||UN|00||||||
|0200|950310|CHURRASQ.ELET.FISCHER GRILL 4513|||UN|00||||||
|0200|950370|COIFA PARED FISCHER TALENT 90cm.5456|||UN|00||||||
|0200|950490|FORNO ELETRICO FISCHER 44L INOX 9982|||UN|00||||||
|0200|040123|FRIGOBAR CONSUL 80L CRC08A BR|||UN|00||||||
|0200|040570|ASPIRADOR PO CONSUL FACILITE C7P14A|||UN|00||||||
|0200|100220|GELAGUA MESA ESMALTEC EGM30 ESTILO|||UN|00||||||
|0200|180380|MINI SYSTEM PANASONIC SC-AKX80|||UN|00||||||
|0200|502200|BAND./ALCA OVAL INOX PQ MIMO BJ1105|||UN|00||||||
|0200|702160|REMOVEDOR ODOR HUDSON PR6700|||UN|00||||||
|0200|900980|PORTA DETERG./ESPONJA FULL 14564|||UN|00||||||
|0200|902050|PEGADOR P/CABO SILIC.FULL 14775|||UN|00||||||
|0200|950120|JG.AMERICANO 4PCS YOI AHG479|||UN|00||||||
|0200|030093|FREEZER BRASTEMP F.F 280L BVR28 BR|||UN|00||||||
|0200|030123|REF.BRASTEMP INVERSE 422L BRE50 INOX|||UN|00||||||
|0200|030300|LAVALOUCA BRASTEMP 12SERV.BLE12 INOX|||UN|00||||||
|0200|031120|COIFA BRASTEMP BAI60 INOX|||UN|00||||||
|0220|PC|1,000|
|0200|031160|FOG.BRAST.ATIVE 5B TIMER BF776 INOX|||UN|00||||||
|0220|PC|1,000|
|0200|031190|FOG.BRASTEMP.ATIVE 4B GRILL BF850 BR|||UN|00||||||
|0200|040203|REF.CONSUL F.FREE 330 CRM33 INOX|||UN|00||||||
|0200|051060|COOKTOP BOSCH 2B GAS INOX PCD-345C|||UN|00||||||
|0200|120130|ESPREMEDOR PREMIUM MONDIAL E-02|||UN|00||||||
|0200|180910|REF.PANASONIC INVERTER 512L NRD512YZ|||UN|00||||||
|0200|220133|LAVAROUPA ELECTROLUX 15KG LA15F|||UN|00||||||
|0200|270020|TV LG 23 LED/MONITOR FULL HD M2380A|||UN|00||||||
|0200|330030|LIQ.WALITA 3V FILTRO/ESPATULA RI2034|||UN|00||||||
|0200|500050|CAFETEIRA ALUM.P/9 XIC.MIMO AF09|||UN|00||||||
|0200|500380|CAFETEIRA INOX P/4 XIC.MIMO AFA04|||UN|00||||||
|0200|500820|ESCUMADEIRA MIMO ASA3|||UN|00||||||
|0200|502050|SUP/PAREDE/UTENS/6GANCH.MIMO SF9216|||UN|00||||||
|0200|810880|PEG.P/SALADA 28CM EDF.GL194|||UN|00||||||
|0200|813550|GARRAFA TERMICA 1L COLOR EDFORT GAF|||UN|00||||||
|0200|880030|FRIGIDEIRA 24 PROFIS.MULT.46024|||UN|00||||||
|0200|880090|CHALEIRA 18 MULTIFLON 54518|||UN|00||||||
|0200|890520|JG.P/SERVIR TP/VIDRO TRAMONT.3PCS 64310|||UN|00||||||
|0200|890550|JG.PANELAS TRAMONT.5PCS 65650700|||UN|00||||||
|0200|950400|COOKTOP INOX 4B FISCHER 4720-9548|||UN|00||||||
|0200|104090|JG.BANHEIRO 4PCS KABALLA SORTIDOS|||UN|00||||||
|0200|200360|DVD PHILIPS KARAOKE/MIC.DVP-3350KMX|||UN|00||||||
|0200|500810|RALADOR 4FACES QUAD.8 MIMO ASA8|||UN|00||||||
|0200|031030|FOG.BRASTEMP ATIVE EMB.4B INOX BY750|||UN|00||||||
|0220|PC|1,000|
|0200|040143|REF.CONSUL DEGELO SECO 300L CRA30 BR|||UN|00||||||
|0200|050840|DEP.BOSCH PROFESSIONAL 6B DHB845 INOX|||UN|00||||||
|0200|680940|QUEIJEIRA VERONA SOYUS|||UN|00||||||
|0200|840620|PRATO GIRAT.35CM BENC.740|||UN|00||||||
|0200|840980|PRATO GITATORIO 45CM BENC.74107|||UN|00||||||
|0200|030870|REF.BRAST.SIDE BY SIDE 620L BRS62 INOX|||UN|00||||||
|0200|031200|FOG.BRASTEMP 5B GOUR.EMB.BY976 INOX|||UN|00||||||
|0220|PC|1,000|
|0200|090200|PRANCHA ALIS.SECO MOLHADO NKS TS650|||UN|00||||||
|0200|100053|FOGAO ESMALTEC HAWAII 6B 6005 BR|||UN|00||||||
|0200|160120|PANELA ELET.P/ARROZ OSTER 6028|||UN|00||||||
|0200|500111|JG P/CHURRASCO MIMO 4PCS ALF02|||UN|00||||||
|0200|501110|FAQUEIRO 72PCS MIMO MAL.AT72A/AT1072A|||UN|00||||||
|0200|502202|BAND.REDONDA/ALCA INOX MIMO BJ1107|||UN|00||||||
|0200|901130|6TACAS SORVETE.JULIA FULL 55604|||UN|00||||||
|0200|950300|CHURRASQ.ELET.FISCHER SWIFT 4665|||UN|00||||||
|0200|050990|REF.BOSCH F.FREE 403L KDN43A INOX|||UN|00||||||
|0200|900121|CANECA INOX P/VIAGEM FULL 13921|||UN|00||||||
|0200|903070|PA P/GELO FULL 13574|||UN|00||||||
|0200|030630|LAVALOUCA BRASTEMP 8SERV.PLE20 PRATA|||UN|00||||||
|0200|050543|FOGAO CONT.PERFETTO 4B FSF12 BR|||UN|00||||||
|0200|120040|MINI PROCESSADOR MONDIAL MP-01|||UN|00||||||
|0200|150310|SANDUICHEIRA MALLORY GRILL MAX INOX|||UN|00||||||
|0200|180810|DEPILADOR PANASONIC SEC/MOLH.ES2059|||UN|00||||||
|0200|220013|REF.ELECTROLUX 80LTS RE80 BR|||UN|00||||||
|0200|220403|FOGAO ELECTROLUX 5B 76STX INOX|||UN|00||||||
|0200|330020|LIQUIDIFICADOR WALITA 3V RI2035/00|||UN|00||||||
|0200|330240|ESPREMEDOR|||UN|00||||||
|0200|670890|AGUA PERFUMADA P/AMBIENTE 230ML|||UN|00||||||
|0200|710270|ESCORREDOR 16PRATOS MAKINOX COLOR|||UN|00||||||
|0200|760061|FRUTEIRA C/PE BRILHANTE 06/393/27|||UN|00||||||
|0200|902270|FRIG.WOK TP/VIDRO 32CM FULL 13892|||UN|00||||||
|0200|030293|LAVALOUCA BRASTEMP 8SERV.BLE20 BR|||UN|00||||||
|0200|040233|REF.CONSUL F.FREE 450L CRM45 INOX|||UN|00||||||
|0200|050683|REFRIG. CONTINENTAL 270L RC27 BR|||UN|00||||||
|0200|051220|FOG.BOSCH STYLE GRILL 4B HSF43I INOX|||UN|00||||||
|0200|902650|ESCOVA/BANHEIRO/SUP.PAPEL FULL 13015|||UN|00||||||
|0200|910010|PORTA TALHER C/TP RICAELLE 165|||UN|00||||||
|0200|902430|RECHAUD RETAG.3L INOX FULL 13071|||UN|00||||||
|0200|040453|LAVAROUPA CONSUL 6KG CWI06 BR|||UN|00||||||
|0200|050993|REF.BOSCH SIDE BY SIDE KAN60 INOX|||UN|00||||||
|0200|950090|BUTANO IWATANI 250GR YOI|||UN|00||||||
|0200|150420|VENTILADOR MALLORY ZEFIRO 40CM|||UN|00||||||
|0200|700830|FATIADOR/MACA HUDSON 966/9|||UN|00||||||
|0200|813290|CHAMPANHEIRA/SEPARAD.EDFORT BCHAMPSEP|||UN|00||||||
|0200|180550|DVD HOME THEATER PANASONIC SC-PT75LB|||UN|00||||||
|0200|200380|MINI SYSTEM PHILIPS MP3 FWM208|||UN|00||||||
|0200|500690|PORTA PAPEL TOALHA MIMO AC09|||UN|00||||||
|0200|902950|POTE VIDRO/TP MAD.22,5CM FULL 46108|||UN|00||||||
|0200|180400|MINI SYSTEM PANASONIC SC-AKX10|||UN|00||||||
|0200|200390|DISC PLAYER PHILIPS BLUR-RAY BDP3100X|||UN|00||||||
|0200|970270|GARRAFA INOX 1,2L PRETA CONTHEY D1448|||UN|00||||||
|0200|520261|GARRAFA TERM.1L LEJOUR ALIMP.1180|||UN|00||||||
|0200|901541|TABUA/FACA/VID/QUEIJO 30C FULL 16648|||UN|00||||||
|0200|901701|DISPENSER P/DETERG.ESPON.FULL 1627|||UN|00||||||
|0200|911040|SALADEIRA RONA 24CM RICAELLE 5150/240|||UN|00||||||
|0200|500613|FACA DO CHEFE CABO/COLOR MIMO ALA1084|||UN|00||||||
|0200|850280|SANDUIC.1 PAO/FORMA FUMIL 739|||UN|00||||||
|0200|500890|LEITEIRA INOX MIMO A14CN INOX|||UN|00||||||
|0200|270010|TV SANSUNG 20 LCD/MONITOR 2033M|||UN|00||||||
|0200|030143|FREEZER BRASTEMP 240L BVG24G BR|||UN|00||||||
|0200|030830|FREEZER BRASTEMP F.F 280L BVR28 INOX|||UN|00||||||
|0220|PC|1,000|
|0200|030850|REF.BRASTEMP ALL 360L BRF36 INOX|||UN|00||||||
|0200|031093|FORNO MIC.BRASTEMP ATIVE 30L BMS45BR|||UN|00||||||
|0200|031180|FOG.BRASTEMP 5B GOURMAND BF976 INOX|||UN|00||||||
|0220|PC|1,000|
|0200|040530|AR SPLIT CONSUL 9000BTU CBV09/CBY09|||UN|00||||||
|0220|PC|1,000|
|0200|103110|KIT.RODO,BALDE,REFIL,ROTECSUL|||UN|00||||||
|0200|103120|REFIL P/RODO ROTECSUL|||UN|00||||||
|0200|103220|VELAS DECORATIVAS PERFUMADAS J.F.C|||UN|00||||||
|0200|180190|F.MIC.PANASONIC FLAT PANAG.NNGF580 PR|||UN|00||||||
|0200|180243|F.MIC.PANASONIC STYLE NNGD587 INOX|||UN|00||||||
|0200|180320|TELEFONE PANASONIC KX-TS9LBW|||UN|00||||||
|0200|180940|SUPORTE P/TV LCD 37 A 42 ARTICULADO|||UN|00||||||
|0200|200370|MICRO SYSTEM PHILIPS MCM-166X/78|||UN|00||||||
|0220|PC|1,000|
|0200|200480|RADIO CD PHILIPS MP3 AZ-302S|||UN|00||||||
|0200|250520|ADEGA GE P/23 GARRAFAS AVGEP23|||UN|00||||||
|0200|290033|DEPURADOR SUGGAR SIRIUS 4B DS62 BR|||UN|00||||||
|0200|290053|DEPURADOR SUGGAR SIRIUS 6B DS82 BR|||UN|00||||||
|0200|290200|PASSADEIRA SUGGAR/VAPOR PV4261|||UN|00||||||
|0200|290210|PASSADEIRA SUGGAR/VAPOR/PROF.PV6282|||UN|00||||||
|0200|290250|BATEDEIRA BATPLUS SUGGAR BT9022 INOX|||UN|00||||||
|0200|290310|VENTILADOR TORRE SUGGAR 74CM VE7422|||UN|00||||||
|0200|501710|FACA P/SALADA MIMO 998019|||UN|00||||||
|0200|880260|FRIGIDEIRA DUPLA 18 MULTIFLON 55118|||UN|00||||||
|0200|900031|JARRA ECOL HAND 1500ML FULL 56164|||UN|00||||||
|0200|900913|PORTA RETRATO ZAMAC 13X18 FULL 17011|||UN|00||||||
|0200|902171|JG.JANTAR PORC.42PCS RAIN FUL.15416|||UN|00||||||
|0200|902511|JG.6TACAS SOBREMESA VEGA FULL 56589|||UN|00||||||
|0200|902740|JG.6GARFOS/PETISCO SORT.FULL 1415|||UN|00||||||
|0200|902920|SALADEIRA C/2TALHERES FULL 14565|||UN|00||||||
|0200|950330|COIFA ISLAND FISCHER 5455|||UN|00||||||
|0200|030933|DEP.BRASTEMP EMB.6B VIDRO BAG80 BR|||UN|00||||||
|0220|PC|1,000|
|0200|500082|JG.4TACAS SILVER P/AGUA MIMO TCS02|||UN|00||||||
|0200|940440|PORTA MALA JAQUES 615|||UN|00||||||
|0200|031020|FOG.BRASTEMP ATIVE MAX.4B INOX BF760AR|||UN|00||||||
|0200|031150|FOG.BRASTEMP ATIVE 5B GRILL BF876 BR|||UN|00||||||
|0220|PC|1,000|
|0200|050970|COIFA BOSCH PIRAMIDE 90CM INOX DWW09|||UN|00||||||
|0200|120170|KIT COZINHA COMPLETA MONDIAL KT06|||UN|00||||||
|0200|290270|FERRO MADRI SUGGAR S/FIO FR4022|||UN|00||||||
|0200|813440|MEDIDOR 600ML EDFORT GL321|||UN|00||||||
|0200|900750|SALADEIRA/MOLHEIRA FULL 17347|||UN|00||||||
|0200|901100|JG.6XIC.CAFE CROM/PR FULL 70002|||UN|00||||||
|0200|901491|DISPENSER CEREAIS 2COMPART.FULL 1661|||UN|00||||||
|0200|902250|FRIG.28CM CABO/SILICONE FULL 14888|||UN|00||||||
|0200|950063|PRATO BALI PEQ.FOLHA 5CM YOI 23357|||UN|00||||||
|0200|160110|CAFETEIRA PROGRAM.OSTER 24XIC.4281|||UN|00||||||
|0200|900600|COOLER 1GARR.P/FREEZER FULL.13992|||UN|00||||||
|0200|502300|JG.AMERICANO 4PCS COLOR MIMO JA105|||UN|00||||||
|0200|900034|JG.6COPOS AUBERGE 100ML FULL 56324|||UN|00||||||
|0200|902580|COOLER P/LATINHA FULL 15789 PRETO|||UN|00||||||
|0200|031140|F.MIC./ELET.BRASTEMP 31L BMD35 ALUM.|||UN|00||||||
|0200|290280|GRILL PETISCO SUGGAR GR3032|||UN|00||||||
|0200|501740|BAND.RETANG.MEDIO MIMO YK9123|||UN|00||||||
|0200|890560|BAIXELA TRAMONT.COSMOS 7PCS 64310080|||UN|00||||||
|0200|901511|PRATO P/BOLO C/PE VIDRO FULL 16647|||UN|00||||||
|0200|501750|BAND.RETANG.GRANDE MIMO YK9123|||UN|00||||||
|0200|051210|FOG.BOSCH STYLE GRILL 5B HSK44I INOX|||UN|00||||||
|0200|701590|PORTA SAPATOS/CABIDE HUDSON RI2546W|||UN|00||||||
|0200|901830|JG.2TACAS SORVETE/COLHER FULL 14559|||UN|00||||||
|0200|050620|FOGAO CONT.G.PRIX 5B FSK14I INOX|||UN|00||||||
|0200|180540|FAC-SIMILE PANASONIC KX-FT932|||UN|00||||||
|0200|520210|PETISQUEIRA/TAMPA ALIMP. B32512|||UN|00||||||
|0200|902870|DISPENSER P/CEREAIS FULL 12835|||UN|00||||||
|0200|902890|BALDE P/GELO 11,5 FULL 1358|||UN|00||||||
|0200|050600|FOGAO CONT.SPLENDIDO 4B INOX|||UN|00||||||
|0200|220423|FOGAO ELECTROLUX EMBUTIR 5B 76ETX IN|||UN|00||||||
|0200|950151|JG.CHURRASCO/BOLSA 4PCS YOI|||UN|00||||||
|0200|902450|RECHAUD P/SOPA 4L FULL 13342|||UN|00||||||
|0200|902960|POTE VIDRO/TP MAD.9,7CM FULL 46124|||UN|00||||||
|0200|902970|POTE VIDRO/TP MAD.16CM FULL 46125|||UN|00||||||
|0200|903150|BOLSA TERMICA/PVC CABANAZ FULL 1614|||UN|00||||||
|0200|101410|JARRA ROC 1,8L LUMINARC 62795|||UN|00||||||
|0200|501600|CONCHA P/MESA MIMO ATC|||UN|00||||||
|0200|521080|GARRAFA TERMICA BISTRO ALIMP.A13890|||UN|00||||||
|0200|661010|FACA SANTOKU INOX COLOR M.SHOP 60003|||UN|00||||||
|0200|900890|JG.6TACAS/SORVETE FULL 12269INOX|||UN|00||||||
|0200|902370|DISP.P/VINAGRE/OLEO FULL 14013|||UN|00||||||
|0200|103250|JOGO GALHETEIRO 5PCS J.F.C|||UN|00||||||
|0200|900023|ANEL AJUSTAV.P/BOLO REDON.FULL 15046|||UN|00||||||
|0200|902200|JG.XIC/CAFE/CX/PRESENTE FULL 12PCS|||UN|00||||||
|0200|910810|JG.30 TACAS LAURA RICAELLE LA030|||UN|00||||||
|0200|970280|CHALEIRA/APITO 3L CONTHEY D1454|||UN|00||||||
|0200|970560|BANDEJA DE BAMBU CONTHEY D1458|||UN|00||||||
|0200|900191|JG.P/QUEIJO MADEIRA 4PCS FULL 12588|||UN|00||||||
|0200|900751|COOLER TERMICO 30L TERMOM.FULL 20273|||UN|00||||||
|0200|220590|SPLIT ELECTROLUX 9000BTU PE09F/PI09F|||UN|00||||||
|0200|950062|BOWL BALI 5CM YOI 23356|||UN|00||||||
|0200|950061|TRAVESSA BALI 48CM YOI 22430B|||UN|00||||||
|0200|950064|SALADEIRA BALI PEQ.13CM YOI 221923|||UN|00||||||
|0200|900033|VASO CRIST.ECOL 33CM YOKO FULL 56590|||UN|00||||||
|0200|030393|LAVAROUPA BRASTEMP ATIVE MJ 9K BWT09|||UN|00||||||
|0200|220393|FOG.ELECTROLUX 2xFORNO 5B INOX 76DTX|||UN|00||||||
|0200|500040|CAFETEIRA ALUM.P/6 XIC.MIMO AF06|||UN|00||||||
|0200|501760|CESTO RET.ALCA RETA MIMO YK9125|||UN|00||||||
|0200|530461|VASO SOLITARIO ROGEMAC NANCY 2350|||UN|00||||||
|0200|570070|QUEIJEIRA 280ML UD25 HERCULES|||UN|00||||||
|0200|810860|FACA DO CHEFE 8 EDF.GL179|||UN|00||||||
|0200|880060|FRIGID.30 TEGAME MULTIFLON 45230|||UN|00||||||
|0200|890360|FAQUEIRO LAGUNA 42PCS TRAMOT.66906/774|||UN|00||||||
|0200|890370|FAQUEIRO LAGUNA 76PCS TRAMOT.66906/30|||UN|00||||||
|0200|890422|LIXEIRA INOX 5L TRAMONTINA 94538/05|||UN|00||||||
|0200|890440|LIXEIRA C/PEDAL 3L INOX TRAM.94538/03|||UN|00||||||
|0200|950360|COOKTOP VIDRO 4B FISCHER PR 1519-5713|||UN|00||||||
|0200|950390|COOKTOP VIDRO 5B FISCHER TCHAMA 1743|||UN|00||||||
|0200|950450|F.MICROONDAS FISCHER EMB.INOX 6946|||UN|00||||||
|0200|950460|COIFA PARED FISCHER TALENT 60cm.9347|||UN|00||||||
|0200|680020|JARRA IMPERIO GRANDE SOYUS|||UN|00||||||
|0200|890350|CUSCUZEIRA INOX TRAMOTINA 65650|||UN|00||||||
|0200|902710|JG.5FACAS/QUEIJO FULL 13774|||UN|00||||||
|0200|031260|F.MIC.BRASTEMP OVEN GRIL 30L BMT45 INOX|||UN|00||||||
|0200|031263|F.MIC.BRASTEMP OVEN GRIL 30L BMF45 BR|||UN|00||||||
|0200|500580|ABRIDOR DE TAMPAS MIMO ASA38|||UN|00||||||
|0200|500790|GARFO P/COZINHA MIMO ASA4|||UN|00||||||
|0200|501080|ESPATULA FECHADA MIMO ASA6|||UN|00||||||
|0200|680930|PRATO P/BOLO VERONA SOYUS|||UN|00||||||
|0200|102801|BANDEJA ESPELHO QUAD.ARTE M 206|||UN|00||||||
|0200|105400|COPO MEDIDOR GUINDER 5781|||UN|00||||||
|0200|120070|CENTRIFUGA JUICE MONDIAL CF-02|||UN|00||||||
|0200|660261|JG.4FACAS P/PATE LINEA M.SHOP 30006|||UN|00||||||
|0200|220100|AR COND ELECTROLUX 7500 EC07F|||UN|00||||||
|0200|500780|PINCA P/CHURRASCO MIMO ASA37|||UN|00||||||
|0200|890500|JG. P/SERVIR OVAL 3PCS 64510184|||UN|00||||||
|0200|4513|CHURRASQUEIRA ELET FISCHER GRILL|7896513308213||UN|00||||||
|0200|4665|CHURRASQUEIRA ELETRICA FISCHER SWIFT GRILL|7896513308237||UN|00||||||
|0200|220650|REFRIG.ELECTROLUX 543L DF80X INOX|||UN|00||||||
|0200|500300|ESCORREDOR MULTIUSO INOX 18CM MIMO|||UN|00||||||
|0200|500310|ESCORREDOR MULTIUSO INOX 21CM MIMO|||UN|00||||||
|0200|501770|CESTO PEQ.RET.ALCA RETA MIMO YK9126|||UN|00||||||
|0200|501790|CESTO QUADR.ALCA OVAL MIMO YK9129 GR.|||UN|00||||||
|0200|890450|LIXEIRA C/PEDAL 12L INOX TRAM.94538/12|||UN|00||||||
|0200|520440|BALDE GELO VINO CURVA ALIMP.B32514|||UN|00||||||
|0200|120030|MINIFORNO MONDIAL FR-02|||UN|00||||||
|0200|501791|CESTO QUADR.ALCA OVAL MIMO YK9128 MED.|||UN|00||||||
|0200|880070|FRIGID.36 MASTER MULTIFLON 46036|||UN|00||||||
|0200|120120|CENTRIFUGA PREMIUM MONDIAL CF-01|||UN|00||||||
|0200|901000|JG.BANHEIRO 3PCS FULL PRETO/BR 15201|||UN|00||||||
|0200|890410|CALDEIRAO INOX TRAMONTINA 62655/200|||UN|00||||||
|0200|850060|CHAPA DUPLA FACE 300 FUMIL|||UN|00||||||
|0200|890590|PANEL.PRESSAO 4,5L TRAMONT.INOX 62513/223/222|||UN|00||||||
|0200|501940|SALEIRO/PIMENT.VIDRO/INOX MIMO VD40|||UN|00||||||
|0200|502080|JG.GALHETEIRO RED. MIMO 2PCS VD9194|||UN|00||||||
|0200|500320|ESCORREDOR MULTIUSO INOX 24CM MIMO|||UN|00||||||
|0200|105401|JG POTES VID 3PÇS C/TP GUINDER|||UN|00||||||
|0200|030923|DEP.BRASTEMP EMB.4B VIDRO BAG60 BR|||UN|00||||||
|0220|PC|1,000|
|0200|103030|TOALHA LAVABO BORDADA DECORADA|||UN|00||||||
|0200|890321|CACAROLA 2ALCAS INOX TRAMONT. 62653|||UN|00||||||
|0200|105200|SUPORTE C/ASSADEIRA GR GUINDER 5576|||UN|00||||||
|0200|890081|BANDEJA RETANGULAR TRAMONTINA 61529|||UN|00||||||
|0200|500553|PORT RETRATO VIDRO 10X15 MIMO PF9121|||UN|00||||||
|0200|105090|JG.FONDUE 23PCS GUINDER 7836|||UN|00||||||
|0200|105300|FAQUEIRO INOX 24PCS GUINDER 24|||UN|00||||||
|0200|PET736/55|DVD PORTATIL|8712581507466||PC|00||||||
|0200|030030|REF.BRASTEMP F.FREE 429L BRM48 INOX|||UN|00||||||
|0200|030100|REF.BRASTEMP F.FREE 429L BRM50 INOX|||UN|00||||||
|0200|030103|REF.BRASTEMP F.FREE 429L BRM50 BR|||UN|00||||||
|0200|180970|REF.PANASONIC INVERTER 473L NRB461YZ|||UN|00||||||
|0200|200510|DVD HOME THEATER PHILIPS HTS3181|||UN|00||||||
|0200|290340|MIXER SUGGAR MX2022|||UN|00||||||
|0200|330010|LIQUID.WALITA 3V FILTRO PP RI2035/10|||UN|00||||||
|0200|330130|PROCESSADOR COMPACTO WALITA RI7620|||UN|00||||||
|0220|PC|1,000|
|0200|810382|BANDEJA QUADRAD.35CM EDF. PPB|||UN|00||||||
|0200|813360|BALDE P/PIPOCA PLAST.EDF.MEDIO SX96|||UN|00||||||
|0200|840432|JG.FONDUE 300ML BR BENC.40086|||UN|00||||||
|0200|840433|JG.FONDUE 580ML BENCAFIL 40121|||UN|00||||||
|0200|840951|JG.4APOIOS VIDRO REDONDO.BENC.74142|||UN|00||||||
|0200|901930|TABUA/VIDRO/SORTID.20X30 FULL|||UN|00||||||
|0200|902930|LUVA FULFIT PEQ. 14776/14947 COLOR|||UN|00||||||
|0200|950440|FORNO ELET.EMB.LUMEN FISCHER 7399|||UN|00||||||
|0200|200520|DVD PHILIPS DVP-3520|||UN|00||||||
|0200|030033|REF.BRASTEMP F.FREE 403L BRM48 BR|||UN|00||||||
|0220|PC|1,000|
|0200|031273|FOG.BRASTEMP.ATIVE 5B GRILL BF876 INOX|||UN|00||||||
|0200|101540|JARRA C/TAMPA TIVOLI 1,6 LUMI.G2674|||UN|00||||||
|0200|810292|PORTA LENCO LATA C/DES. EDF.LAT007|||UN|00||||||
|0200|810421|CASTICAL 65CM EDFORT TZS105|||UN|00||||||
|0200|813400|FAQ.ALEX VELUDO 75PCS EDFOR.FACIX604|||UN|00||||||
|0200|902810|COFRE/CARRINHO FULL 1546|||UN|00||||||
|0200|903570|JG.JARRA C/6COPOS DANCE FULL 46183|||UN|00||||||
|0200|812040|DESCANSO/PANELAS EDFORT GL236|||UN|00||||||
|0200|902020|ALBUM CASAMENTO ACO FOSCO FULL 17264|||UN|00||||||
|0200|5456|COIFA DE PAREDE FISCHER TALENT 90 CM VIDRO|7896513309043||UN|00||||||
|0200|9982|FORNO EL FISCHER LUMEM GRILL BANC 44L INOX /|||UN|00||||||
|0200|040470|FORNO MIC.CONSUL 25L CMY34 INOX|||UN|00||||||
|0220|PC|1,000|
|0200|811130|FACA P/PAO EDFORT GL176|||UN|00||||||
|0200|840771|BANDEJA RETANG.42X26 BENCAF.8802|||UN|00||||||
|0200|101520|JG.6TACAS SOBREM.MALDIVES LUMI.63542|||UN|00||||||
|0200|521150|TRAVESSA C/TAMPA PETIT ALIMP. MFG|||UN|00||||||
|0200|680281|QUEIJEIRA BRASIL PEQUENA SOYUS|||UN|00||||||
|0200|810391|CAIXA ORGANIZADORA EDF.FS012|||UN|00||||||
|0200|903080|FAQ.INOX 36PCS ATENAS FULL 13797|||UN|00||||||
|0200|940370|PORTA TUDO JAQUES 398|||UN|00||||||
|0200|101200|SALADEIRA GRANDE 31CM LUMI.06386|||UN|00||||||
|0200|840990|PRATO P/BOLO C/PEDESTAL BENC.87019|||UN|00||||||
|0200|900081|VENTILADOR P/CHURRASCO FULL 13095|||UN|00||||||
|0200|903192|ESCOVA P/LAV.DECANT.TACAS FULL 16172|||UN|00||||||
|0200|200030|TV PHILIPS LCD 26 26PFL3404/78|||UN|00||||||
|0200|200210|DVD PORTATIL PHILIPS LCD 7 PET-736|||UN|00||||||
|0200|680280|QUEIJEIRA BRASIL GRANDE SOYUS|||UN|00||||||
|0200|811700|ESPATULA/SILICONE EDF.GL172|||UN|00||||||
|0200|900360|COPO P/VIAGEM FULL 13622 VM|||UN|00||||||
|0200|902500|JG.4FACAS/MANT.CABO OCO FULL 14838|||UN|00||||||
|0200|890090|JG.PANELAS ALUM.TRAMONT.7Pçs 20599|||UN|00||||||
|0200|680500|SALADEIRA GIGANTE OUTONO SOYUS|||UN|00||||||
|0200|700350|FACA COLOR HUDSON 9862/5|||UN|00||||||
|0200|950141|JG.JANTAR ALLURE SILVER 20PCS YOI|||UN|00||||||
|0200|810890|PEG.UNIVERSAL 18CM EDF.GL195|||UN|00||||||
|0200|901940|TABUA/VIDRO/SORTID.30X40 FULL|||UN|00||||||
|0200|902811|COFRE/PORQUINHO FULL 15462|||UN|00||||||
|0200|813570|GARRAFA TERMICA 1L EDFORT INOX GAF|||UN|00||||||
|0200|840411|CJ.2PCS QUEIJO QUAD.35CM BENC.74|||UN|00||||||
|0200|103121|ENPONJA ROTECSUL|||UN|00||||||
|0200|650290|PETISQUEIRA RETA C/4 YANGZI 8225|||UN|00||||||
|0200|970600|FAQUEIRO/ESTOJO 130PCS CONTHEY D1315|||UN|00||||||
|0200|901542|TABUA/VID/QUEIJO 30X40 FULL 1665|||UN|00||||||
|0200|810521|TRAVESSA REFRAT.ESTRELA EDF. P BAO70|||UN|00||||||
|0200|810393|JG.3CAIXA FIBRA SINTET.C/TP EDF.SB010|||UN|00||||||
|0200|810571|FONDUE EDFORT RH342|||UN|00||||||
|0200|200040|TV PHILIPS LCD 40 40PFL3605|||UN|00||||||
|0200|840631|PROVOLONEIRA 21CM BENCAFIL 71044|||UN|00||||||
|0200|030013|REF.BRASTEMP ALL 360L BRF36 BR|||UN|00||||||
|0200|030283|MINI LAVAROUPA BRASTEMP 1KG BWI01|||UN|00||||||
|0220|PC|1,000|
|0200|030760|FORNO A GAS EMB.BRASTEMP BOA61 INOX|||UN|00||||||
|0200|030770|FORNO ELETRICO BRASTEMP BOB61 INOX|||UN|00||||||
|0200|031283|FOG.BRAST.ATIVE GRIL EMB.5B BY876INOX|||UN|00||||||
|0200|180270|F.MIC.PANASONIC PICOLO STYLE NNST341|||UN|00||||||
|0200|180273|F.MIC.PANASONIC PERFECT NNST571|||UN|00||||||
|0200|180750|TV PANASONIC LED 42 TC-L42E30B|||UN|00||||||
|0200|900450|JG.P/QUEIJO/TAB/VID.4PCS FUL.14837|||UN|00||||||
|0200|701100|TAMPA P/REFIG.HUDSON JO-05002|||UN|00||||||
|0200|910740|PORTA PAO 44X26X17 RICAELLE BG1878|||UN|00||||||
|0200|660470|JG.6TACA BALLON 150ML M.CASS 0255|||UN|00||||||
|0200|890240|LIXEIRA/BASC.20L INOX TRAM.94542/20|||UN|00||||||
|0200|900431|JG.AMERICANO P/COPOS 6PCS FULL 1731|||UN|00||||||
|0200|902610|JG.30TACAS BOHEMIA JULIA FULL 55600|||UN|00||||||
|0200|880210|FRIGIDEIRA OVAL 24X36 MULTIF.45138|||UN|00||||||
|0200|903170|BALDE P/PIPOCA PLAST. FULL 16168|||UN|00||||||
|0200|700570|ESCOVA P/GRELHA HUDSON FK41586|||UN|00||||||
|0200|760055|FRUTEIRA 12CM BRILHANTE 06/399/12|||UN|00||||||
|0200|902590|COOLER P/LONG NECK FULL 15792 PRETA|||UN|00||||||
|0200|520740|BALDE ACRILICO VINHO SQUARE B34016|||UN|00||||||
|0200|050920|COIFA PAREDE BOSCH DKE635 60CM INOX|||UN|00||||||
|0200|900455|JG.P/QUEIJO&PAES 5PCS FULL.17369|||UN|00||||||
|0200|500120|JG.GALHETEIRO MIMO 84500|||UN|00||||||
|0200|970680|JG.AMERICANO 8PCS CONTHEY D146911|||UN|00||||||
|0200|900693|MURAL/FOTO PRETO 9FOTOS FULL 17287|||UN|00||||||
|0200|532350|JG.P/BANHEIRO 4PCS ANIMAL ROGEM.3549|||UN|00||||||
|0200|900432|DESCASCADOR LARANJA VACU FULL 21076|||UN|00||||||
|0200|900456|JG P/QUEIJO&PAES 4PÇS FULL 17367|||UN|00||||||
|0200|901290|JG. 6TAÇAS CHAMPANHE FULL 46071|||UN|00||||||
|0200|520742|BALDE ACRILICO VINHO ORBIT B34015S|||UN|00||||||
|0200|030900|COOKTOP BRASTEMP 4B GAS VIDRO BDD61|||UN|00||||||
|0220|PC|1,000|
|0200|100063|FOGAO ESMALTEC HAVAII 4B BR 4005|||UN|00||||||
|0200|220353|REFRIG.ELECTROLUX 500L DF50X INOX|||UN|00||||||
|0200|700543|COLHER SORVETE/DOSAGE HUDSON JO229494|||UN|00||||||
|0200|030113|REF.BRASTEMP INVERSE 422L BRE50 BR|||UN|00||||||
|0200|101440|PRATO CARINE FUNDO LUMINARC PR.D2374|||UN|00||||||
|0200|160170|LIQUIDIFICADOR OSTERIZER 3V.4655|||UN|00||||||
|0200|500520|CANECA PORCELANA MIMO CLA|||UN|00||||||
|0200|700180|TAMPA/MICROONDAS HUDSON PR10|||UN|00||||||
|0200|701490|ORGANIZ./TALHERES HUDSON MD-29105|||UN|00||||||
|0200|104140|PANELA C/TAMPA 2L KABALLA 10455|||UN|00||||||
|0200|902390|JG.AMERIC.4PCS SORT.FULL 144/85/90|||UN|00||||||
|0200|700322|DESCASCADOR VEGETAIS HUDSON.PR3054|||UN|00||||||
|0200|102081|BANDEJA 01 TAB. ARTE P 102|||UN|00||||||
|0200|700892|CAIXA P/PAO METAL HUNDSON ID36383|||UN|00||||||
|0200|100040|FOGAO ESMALTEC SAMOA 5B INOX 5005|||UN|00||||||
|0200|810831|BALDE P/CERVEJA REDOND.EDFORT CV1002|||UN|00||||||
|0200|810921|FORMA P/GELO DIVERSOS EDFORT GL4|||UN|00||||||
|0200|500740|PRATO P/BOLO SULTANA MIMO 10287|||UN|00||||||
|0200|880250|CACAROLA 30 PROFIS.MULTIFLON 45130|||UN|00||||||
|0200|030403|FOG.BRASTEMP ATIV.TIMER EMB.4B BY750 BR|||UN|00||||||
|0200|850090|CHAPA TAPIOCA FUMIL 190X18|||UN|00||||||
|0200|970300|RECHAUD QUADRADO BRANCO CONTHEY D1246|||UN|00||||||
|0200|980310|TIGELA C/TP FACILITA 2L R.070703|||UN|00||||||
|0200|701190|RALADOR C/RECIP.HUDSON FK45431|||UN|00||||||
|0200|101361|JARRA ANFORA 1,3L LUMINARC D7478|||UN|00||||||
|0200|531370|JG.BANHEIRO 6PCS ROGEMAC 3554/3556|||UN|00||||||
|0200|640570|FORMA C/2DIVISOES GERMER|||UN|00||||||
|0200|701690|GANCHO/XIC.FERRO/BR HUDSON FQ50401|||UN|00||||||
|0200|813350|JG. BANHEIRO EDFORT 3PCS SN134|||UN|00||||||
|0200|180230|TELEF.S/FIO PANASONIC KXTC1468(900MHz)|||UN|00||||||
|0200|880100|TORTEIRA DESMONTAVEL 28 MULTIFLON|||UN|00||||||
|0200|950131|PEGADOR DE SALADA BAMBO 2PCS YOI|||UN|00||||||
|0200|970370|JG.P/BOLO SABRINA 2PCS CONTHEY D14526|||UN|00||||||
|0200|901672|BANCO PLAST.BR/PRETO 39CM FULL 17387|||UN|00||||||
|0200|030951|FRIGOBAR BRASTEMP RETRO BRA08A AMAREL.|||UN|00||||||
|0220|PC|1,000|
|0200|090260|CENTRIFUGA NKS TSK-949 INOX|||UN|00||||||
|0200|180760|TV PANASONIC LCD 32 TC-L32C5B|||UN|00||||||
|0220|PEC|1,000|
|0200|200050|TV PHILIPS LED 3D FULL 40 40PFL9605|||UN|00||||||
|0220|PC|1,000|
|0200|501550|RALADOR P/MESA 3.5 MIMO ASA50|||UN|00||||||
|0200|501620|GARFO P/MESA MIMO ATG/AT11G|||UN|00||||||
|0200|650300|PIMENTEIRO/VIDRO FOSCO YANGZI 4231|||UN|00||||||
|0200|740120|SACA ROLHA/TAMPA PALANI HF035E|||UN|00||||||
|0200|840890|JG.4XIC.CAFE C/BAND.PR BENC.40083|||UN|00||||||
|0200|880160|FRIGIDEIRA DUPLA 14 MULT.55134|||UN|00||||||
|0200|880270|ASSADEIRA FUNDA PROF.30 MULTIF.25030|||UN|00||||||
|0200|880360|FRIG.DUPLA MEIA LUA MULTIFLON 55624|||UN|00||||||
|0200|890501|JG. P/SERVIR REDONDO 3PCS 64510174|||UN|00||||||
|0200|890530|JG.BAIXELA TRAMONTINA 10PCS 64510020|||UN|00||||||
|0200|890610|PANELA PRESSAO/CESTO TRAMONT.62516222|||UN|00||||||
|0200|900591|VASO ECOL LABIRINT 30,5CM FULL 56546|||UN|00||||||
|0200|900872|PRATO P/BOLO C/PE ORION FULL 56035|||UN|00||||||
|0200|901441|TRAVESSA PORC.BRANCA 24X14 FULL16697|||UN|00||||||
|0200|903081|FAQ.INOX ATENAS/MALA 75PCS FULL13796|||UN|00||||||
|0200|501540|ESPREMEDOR/BATATA MIMO AC16|||UN|00||||||
|0200|531170|JG.4 GARFINHO RES.DIV.ROG.774|||UN|00||||||
|0200|700820|JG.5POTES HUDSON KX71664|||UN|00||||||
|0200|890640|JG.5PANELAS ALEGRA TP/VD TRAMONT.65650/314|||UN|00||||||
|0200|903560|P/RETRATO BR/DOUR.4FOTOS FULL 17015|||UN|00||||||
|0200|030560|FORNO PORT.ELET.BRASTEMP BOG40AR INOX|||UN|00||||||
|0220|PC|1,000|
|0200|030563|FORNO PORT.ELET.BRASTEMP BOG40AB BR|||UN|00||||||
|0220|PC|1,000|
|0200|040413|LAVAROUPA CONSUL 7KG CWN07 BR|||UN|00||||||
|0200|090070|PRANCHA ALISADORA CERAMICA NKS TS600|||UN|00||||||
|0200|650390|POTE VID.RED.TP YANGZI 3648|||UN|00||||||
|0200|710170|SUPORTE P/SORVETE C/PEGADOR MAK-INOX|||UN|00||||||
|0200|890630|JG.BAIXELA TRAMONTINA 8PCS 64510890|||UN|00||||||
|0200|900061|JG.2FACAS P/QUEIJO FULL 16683|||UN|00||||||
|0200|900071|FONDUE GIRAT.INOX 23PCS FULL 16222|||UN|00||||||
|0200|900957|JG.6ESPETOS FONDUE PLAST.FULL.16079|||UN|00||||||
|0200|901460|PRATO ORION ECOL FULL 31CM 56034|||UN|00||||||
|0200|950470|COOKTOP FISCHER 2B VITROCERAMICO 7883|||UN|00||||||
|0200|761280|SAGRADO CORACAO/MARIA BRILH.11/065|||UN|00||||||
|0200|950291|BANDEJA NEWSPAPER 27X19 YOI|||UN|00||||||
|0200|030680|COOKTOP CHURRASQUEIRA BRASTEMP BDH30|||UN|00||||||
|0220|PC|1,000|
|0200|101190|POTE HERMETICO 1,3L LUMI.D5592|||UN|00||||||
|0200|500614|FACA P/PAO CABO/COLOR MIMO ALA1085|||UN|00||||||
|0200|660870|JS.COLHER DRINK 6PCS M.SHOP 10060|||UN|00||||||
|0200|701010|AMASSADOR/BATATAS HUDSON TZ-390|||UN|00||||||
|0200|900122|COPO P/VIAGEM SORTIDOS FULL 17|||UN|00||||||
|0200|980170|ASSAD.OVAL MEDIA PREDILETA 666341|||UN|00||||||
|0200|980190|ASSAD.QUAD.MEDIA C/TP COLOR 622225|||UN|00||||||
|0200|025030|ASSAD.FUNDA 30 CANEL PROF|||UN|00||||||
|0200|25149|ADEGA TERM 8 GARRAFAS FRIGOBAR 220V|||PC|00||||||
|0200|25276|ADEGA TERM 12 GARRAFAS 220V|||PC|00||||||
|0200|026040|ASSAD.FUNDA 40 LISA PROF.|||UN|00||||||
|0200|760520|PORTA/COPO BRILH.4PCS 02/036/13|||UN|00||||||
|0200|760540|MINI FRUTEIRA BRILH.8CM 06/133/81|||UN|00||||||
|0200|901891|JG.3PCS SALEI/PIMET.FULL 16346|||UN|00||||||
|0200|160200|MULTIPROCESSADOR MIXER OSTER 2619|||UN|00||||||
|0200|220110|AR COND ELECTROLUX 7500 EAE07F/CONTROLE|||UN|00||||||
|0200|660480|JG.6TACA BALLON 200ML M.CASS 0256|||UN|00||||||
|0200|900253|JG.3RAMEQUINS COLOR FULL 17380|||UN|00||||||
|0200|900331|BANDEJA/VIDRO GIRAT.35CM FULL 17248|||UN|00||||||
|0200|660510|SALADEIRA 23CM ARCADE M.CASS 0259|||UN|00||||||
|0200|811140|CUTELO 7 EDFORT GL177|||UN|00||||||
|0200|890620|PANELA PRESSAO POLIDA TRAMONT.2057020|||UN|00||||||
|0200|810730|PETISQUEIRA EDFORT HP013|||UN|00||||||
|0200|820750|JG.4TIGELAS QUADRIF.KC41004|||UN|00||||||
|0200|111090|BANDEJA MELANINA MEDIA NOLIA 92677|||UN|00||||||
|0200|150010|VENT.DE COLUNA MALLORY DELFOS 40CM|||UN|00||||||
|0200|760056|FRUTEIRA C/PE BRILHANTE 06/399/13|||UN|00||||||
|0200|030023|REF.BRASTEMP F.FREE 410L BRM41 BR|||UN|00||||||
|0200|080020|LIQUID.ELECTROLUX CUISINE CL.FILTER|||UN|00||||||
|0200|150300|FACA ELETRICA MALLORY SLICE|||UN|00||||||
|0200|150340|MASSAGEADOR MALLORY MULT RELAX|||UN|00||||||
|0200|220233|REF.ELECTROLUX F.FREE 370L DF37 BR|||UN|00||||||
|0200|501330|JG.JANTAR 20PCS QUAD.MIMO 20Q905|||UN|00||||||
|0200|880190|FRIGID./ALTA/CESTO 20 MULT.56120|||UN|00||||||
|0200|901300|JG.6TACAS VINHO FULL 46071|||UN|00||||||
|0200|902940|TESOURA 5LAMINAS/ERVAS FULL 15052|||UN|00||||||
|0200|950270|GARRAFA TERM.YOI AHGB INOX|||UN|00||||||
|0200|150150|PROCESSADOR/LIQUID.MALLORY TRITER|||UN|00||||||
|0200|520560|BANDEJA MELAM.46X34 ALIMP.RS347 SORT.|||UN|00||||||
|0200|700330|BANDEJA REDONDA HUDSON KS-M213-12|||UN|00||||||
|0200|900910|PORTA RETRATO ALUM.20X25 FULL 13661|||UN|00||||||
|0200|901310|JG.6TACAS AGUA FULL 46071|||UN|00||||||
|0200|901800|JG. 6COPOS 260ML FULL 56098|||UN|00||||||
|0200|080030|LIQUI.ELECTROLUX CUISINE SILVER INOX|||UN|00||||||
|0200|104130|PANELA C/TAMPA 1,25L KABALLA 10450|||UN|00||||||
|0200|900914|P/RETRATO VID./PR/BRILHO FULL 17083|||UN|00||||||
|0200|901410|RECHAUD DUPLO BASE/MAD.FULL 14560|||UN|00||||||
|0200|901473|ESPATULA/SILICONE 26CM FULL.1615|||UN|00||||||
|0200|901861|JG DOMINO 10 CASAS FULL 13698 COLOR|||UN|00||||||
|0200|902172|JG.JANTAR 42PCS CLASSIC FULL.17192|||UN|00||||||
|0200|902401|FRIGID.MINI C/TP/FLOR/FULL 18233|||UN|00||||||
|0200|903190|ESCOVA P/LAVAR TACAS FULL 16173|||UN|00||||||
|0200|660520|JG.6COPOS ALTO EVASIO M.SHOP 0263|||UN|00||||||
|0200|900954|JG.6 COLHERES/COQUET.SORV.FULL.16272|||UN|00||||||
|0200|813510|JG.2TRAVESSAS MELAMINE EDFORT MLOO|||UN|00||||||
|0200|502090|JG.SALEIRO/PIMENT.RED.MIMO VD9195|||UN|00||||||
|0200|502360|JG.XIC/CHA HORIZ.12 PCS MIMO PH806C|||UN|00||||||
|0200|903380|JG. BARALHO 6X1 FULL 16506|||UN|00||||||
|0200|903410|BANDEJA MELAM.HANADEKA FULL 35012|||UN|00||||||
|0200|903500|COOLER P/LONG NECK VD/AM FULL 16565|||UN|00||||||
|0200|950260|PORTA GUADANAPO MELANCIA YOI|||UN|00||||||
|0200|670540|BANDEJA/PAES LILI POLIMAR 3041-3|||UN|00||||||
|0200|180850|LIXADOR/UNHA PANASONIC ES2401|||UN|00||||||
|0200|890250|LIXEIRA/BASC.3L INOX TRAM.94542/03|||UN|00||||||
|0200|650710|TOALHA MESA NATAL 1,40X2,20 YANGZI|||UN|00||||||
|0200|900911|PORTA RETR.MAD.ALUM.20X25 FULL 13662|||UN|00||||||
|0200|900220|CHAMPANHEIRA GR.BARCO VM FULL 17062|||UN|00||||||
|0200|840860|RECHAUD OVAL BENCAFIL 40062|||UN|00||||||
|0200|900850|GALHETEIRO PLANET FULL 20198|||UN|00||||||
|0200|900053|JOGO 6 TACAS LICOR 85ML FULL 56527|||UN|00||||||
|0200|901282|CANTIL ACO INOX FULL 15812|||UN|00||||||
|0200|761390|JG.DE SUCO BRILHANTE 7PCS 11/205|||UN|00||||||
|0200|900130|JG 2POTES/TAMPA FULL 20111|||UN|00||||||
|0200|901510|ESPATULA VAZADA FULL 13240|||UN|00||||||
|0200|811770|JG 6 XIC.CAPUCCINO EDF.FE48|||UN|00||||||
|0200|812500|JG.P/MESA C/6PCS EDFORT SN103|||UN|00||||||
|0200|950020|JG.DE CAFE BASIC TX80 6PCS YOI|||UN|00||||||
|0200|531540|JG.6COPOS/VINHO/BAND./ANA 6640 ROG.|||UN|00||||||
|0200|890341|CONJ.FACAS INOX 2PCS TRAMOTINA 23899|||UN|00||||||
|0200|900063|FACA P/LEGUMES VERDE FULL 17159|||UN|00||||||
|0200|900610|BICO METAL C/TAMPA FUL.12688|||UN|00||||||
|0200|051260|FOGAO BOSCH STYLE 4B HSF13I3 INOX|||UN|00||||||
|0200|650380|POTE VID.RED.SAL/TP YANGZI 3650|||UN|00||||||
|0200|054528|CHURRASQUEIRA 28 GM|||UN|00||||||
|0200|900064|FACA MULTIUSO LARANJA FULL 17160|||UN|00||||||
|0200|501370|GALHETEIRO MIMO PB937|||UN|00||||||
|0200|970250|BALDE GELO 2,8L VERM. CONTHEY D1375|||UN|00||||||
|0200|520570|JG.4PRATO/SOBREM.ALIMP.RS46 SORT.|||UN|00||||||
|0200|911030|VASO RONA 30CM RICAELLE 5030/300|||UN|00||||||
|0200|700751|INFUSOR P/ADIC.SABOR HUDSON JO229241|||UN|00||||||
|0200|810080|TRAVESSA 35CM EDFORT EX73|||UN|00||||||
|0200|841080|CACAROLA C/TP.VIDRO 700ML BENC.71023|||UN|00||||||
|0200|841081|CACAROLA C/TP.VIDRO 1400ML BENC.71024|||UN|00||||||
|0200|841082|CACAROLA C/TP.VIDRO 2300ML BENC.71025|||UN|00||||||
|0200|850040|FRIGIDEIRA FAST 145 C/TAMPA FUMIL|||UN|00||||||
|0200|850210|BIFETEIRA QUAD.FUMIL 220X220|||UN|00||||||
|0200|850310|PRENSA LATA FUMIL 701|||UN|00||||||
|0200|660010|GARRAFA TERM.AUBERGE CROM.350ML M.CASS|||UN|00||||||
|0200|600170|CESTA OVAL PEQUENA EM FIBRA|||UN|00||||||
|0200|812590|JG.SORVETE EDFORT 6PCS IC261|||UN|00||||||
|0200|880140|PANELA 24 MULTIFLON PROFIS.45124|||UN|00||||||
|0200|900351|BALDE P/GELO/PINCA RATAN FULL 15399|||UN|00||||||
|0200|610010|JG.6 COPOS CHOPP F&S|||UN|00||||||
|0200|980010|ASSAD.RED.MEDIA C/TP.COLOR 649525|||UN|00||||||
|0200|903563|P/RETRATO LOVE MY DOG FULL 15115|||UN|00||||||
|0200|901671|BANCO PLAST.BR/PRETO 22CM FULL 17183|||UN|00||||||
|0200|900800|JARRA/VIDRO 1500ML FULL 55834|||UN|00||||||
|0200|901771|JG. 6COPOS FAVORIT 450ML FULL 46027|||UN|00||||||
|0200|290350|GRUILL MASTER PRESS SUGGAR GR4422 INOX|||UN|00||||||
|0200|530600|PETISQUEIRA VIDRO C/MOLHEIRA RIALTO|||UN|00||||||
|0200|531210|PA P/BOLO ROGEMAC 7747|||UN|00||||||
|0200|531900|ESCUMADEIRA/SILIC.ROG.7275|||UN|00||||||
|0200|550220|ASSADEIRA RETANG MEDIA NEW VISION AZ|||UN|00||||||
|0200|580440|FRIGIDEIRA PENEDO 24 ED31|||UN|00||||||
|0200|900740|CJ.SALADA LINEAR 32X25 FULL 13068|||UN|00||||||
|0200|900062|FACA DO CHEFE AZUL FULL 17156|||UN|00||||||
|0200|660640|JG.3POTES/VIDRO M.CASS TP/VM 0140|||UN|00||||||
|0200|780130|SOUSPLAT REDONDO DECOR|||UN|00||||||
|0200|810523|TRAVESSA REFRAT ESTRELA EDF G BA072|||UN|00||||||
|0200|900052|JOGO 6 TAÇAS LICOR 80ML FULL TRUNPET|||UN|00||||||
|0200|900231|JG P/SUSHI BAMBU 4PÇS FULL 17187|||UN|00||||||
|0200|901411|RECHAUD REDONDO BASE/MAD FULL 14562|||UN|00||||||
|0200|920400|JG. 7PCS P/WHISKY TOY. 22604|||UN|00||||||
|0200|900971|ACUCAREIRO/COLHER PORC/BR FULL 16202|||UN|00||||||
|0200|980020|ASSAD.RET.PEQ.C/TP.PLAST.653225|||UN|00||||||
|0200|030800|F.MIC.BRASTEMP GOURMAND EMB.20L BME25BR|||UN|00||||||
|0220|PC|1,000|
|0200|030820|FORNO BRASTEMP GOURMAND ELET.BO260AR|||UN|00||||||
|0200|102501|BANDEJA VIDR.TRANSP.PLANA.ARTE M 153|||UN|00||||||
|0200|030810|COOKTOP BRASTEMP GOURMAND 5B BDC91|||UN|00||||||
|0220|PC|1,000|
|0200|500440|COQUETELEIRA C/BASE E 2 TAÇAS MIMO|||UN|00||||||
|0200|812770|CASTICAL 13CM EDFORT TZB10|||UN|00||||||
|0200|BF876CRRNA|FOGAO DOM FS 5B 220V 50/60HZ GLP INOX|7891129202092||PC|00||||||
|0200|CL030|CONJ. 30 TACAS CLAUDIA|7896980450323||UN|00||||||
|0200|046024|FRIG. 24 PROF. - 3MM|||UN|00||||||
|0200|046028|FRIG. 28 PROF. - 3MM|||UN|00||||||
|0200|046032|FRIG. 32 PROF. - 3MM|||UN|00||||||
|0200|030950|FRIGOBAR BRASTEMP RETRO BRA08A VERMEL.|||UN|00||||||
|0220|PC|1,000|
|0200|200530|DVD PHILIPS DVP-3820KX/78|||UN|00||||||
|0220|PC|1,000|
|0200|880240|PAELLERA 46 PROFIS.MULTIFLON 45046|||UN|00||||||
|0200|200400|DISC PLAYER PHILIPS BLUR-RAY BDP3200|||UN|00||||||
|0220|PC|1,000|
|0200|890382|JG.6PANELAS ALEGRA TRAMONT.G 65650/310|||UN|00||||||
|0200|890150|JG.ASSAR/SERVIR COSMO TRAMONT. 3PCS 64310114|||UN|00||||||
|0200|10000|MATERIAL DE USO E CONSUMO|||UN|07||||||
|0500|31082011|01|A|1|116010001|MATERIAIS DE REVENDA|
|0990|766|
|C001|0|
|C100|0|0|800006977|01|00|U|0069550||01092011|01092011|130,00|0|||130,00|9||||130,00|22,10||||||||
|C170|1|813570||2,00000|UN|130,00||0|000|1202||130,00|17,00|22,10|0||0|||||||50|130,00|0,65|||0,85|50|130,00|3,00|||3,90||
|C190|000|1202|17,00|130,00|130,00|22,10|0|0|0|0||
|C100|0|0|800006977|01|00|U|0069556||02092011|02092011|189,00|0|||189,00|9||||189,00|32,13||||||||
|C170|1|840432||1,00000|UN|59,00||0|000|1202||59,00|17,00|10,03|0||0|||||||50|59,00|0,65|||0,38|50|59,00|3,00|||1,77||
|C170|2|840433||1,00000|UN|65,00||0|000|1202||65,00|17,00|11,05|0||0|||||||50|65,00|0,65|||0,42|50|65,00|3,00|||1,95||
|C170|3|840980||1,00000|UN|65,00||0|000|1202||65,00|17,00|11,05|0||0|||||||50|65,00|0,65|||0,42|50|65,00|3,00|||1,95||
|C190|000|1202|17,00|189,00|189,00|32,13|0|0|0|0||
|C100|0|0|800006977|01|00|U|0069565||09092011|09092011|799,00|0|||799,00|9||||799,00|135,83||||||||
|C170|1|180420||1,00000|UN|799,00||0|000|1202||799,00|17,00|135,83|0||0|||||||50|799,00|0,65|||5,19|50|799,00|3,00|||23,97||
|C190|000|1202|17,00|799,00|799,00|135,83|0|0|0|0||
|C100|0|0|800006977|01|00|U|0069567||09092011|09092011|1399,00|0|||1399,00|9||||1399,00|237,83||||||||
|C170|1|040280||1,00000|UN|1399,00||0|000|1202||1399,00|17,00|237,83|0||0|||||||50|1399,00|0,65|||9,09|50|1399,00|3,00|||41,97||
|C190|000|1202|17,00|1399,00|1399,00|237,83|0|0|0|0||
|C100|0|0|800006977|01|00|U|0069572||12092011|12092011|1457,00|0|||1457,00|9||||1457,00|247,69||||||||
|C170|1|040250||1,00000|UN|899,00||0|000|1202||899,00|17,00|152,83|0||0|||||||50|899,00|0,65|||5,84|50|899,00|3,00|||26,97||
|C170|2|070420||1,00000|UN|299,00||0|000|1202||299,00|17,00|50,83|0||0|||||||50|299,00|0,65|||1,94|50|299,00|3,00|||8,97||
|C170|3|180270||1,00000|UN|259,00||0|000|1202||259,00|17,00|44,03|0||0|||||||50|259,00|0,65|||1,68|50|259,00|3,00|||7,77||
|C190|000|1202|17,00|1457,00|1457,00|247,69|0|0|0|0||
|C100|0|0|800006977|01|00|U|0069576||13092011|13092011|765,00|0|||765,00|9||||765,00|130,05||||||||
|C170|1|200040||1,00000|UN|765,00||0|000|1202||765,00|17,00|130,05|0||0|||||||50|765,00|0,65|||4,97|50|765,00|3,00|||22,95||
|C190|000|1202|17,00|765,00|765,00|130,05|0|0|0|0||
|C100|0|0|800006977|01|00|U|0069578||13092011|13092011|335,00|0|||335,00|9||||335,00|56,95||||||||
|C170|1|120130||1,00000|UN|49,00||0|000|1202||49,00|17,00|8,33|0||0|||||||50|49,00|0,65|||0,32|50|49,00|3,00|||1,47||
|C170|2|150070||1,00000|UN|59,00||0|000|1202||59,00|17,00|10,03|0||0|||||||50|59,00|0,65|||0,38|50|59,00|3,00|||1,77||
|C170|3|290300||1,00000|UN|129,00||0|000|1202||129,00|17,00|21,93|0||0|||||||50|129,00|0,65|||0,84|50|129,00|3,00|||3,87||
|C170|4|900220||1,00000|UN|98,00||0|000|1202||98,00|17,00|16,66|0||0|||||||50|98,00|0,65|||0,64|50|98,00|3,00|||2,94||
|C190|000|1202|17,00|335,00|335,00|56,95|0|0|0|0||
|C100|0|0|800006977|01|00|U|0069580||14092011|14092011|55,00|0|||55,00|9||||55,00|9,35||||||||
|C170|1|290190||1,00000|UN|55,00||0|000|1202||55,00|17,00|9,35|0||0|||||||50|55,00|0,65|||0,36|50|55,00|3,00|||1,65||
|C190|000|1202|17,00|55,00|55,00|9,35|0|0|0|0||
|C100|0|0|800006977|01|00|U|0069592||17092011|17092011|499,00|0|||499,00|9||||499,00|84,83||||||||
|C170|1|031263||1,00000|UN|499,00||0|000|1202||499,00|17,00|84,83|0||0|||||||50|499,00|0,65|||3,24|50|499,00|3,00|||14,97||
|C190|000|1202|17,00|499,00|499,00|84,83|0|0|0|0||
|C100|0|0|800006977|01|00|U|0069595||17092011|17092011|48,00|0|||48,00|9||||48,00|8,16||||||||
|C170|1|103220||1,00000|UN|10,00||0|000|1202||10,00|17,00|1,70|0||0|||||||50|10,00|0,65|||0,07|50|10,00|3,00|||0,30||
|C170|2|810391||1,00000|UN|19,00||0|000|1202||19,00|17,00|3,23|0||0|||||||50|19,00|0,65|||0,12|50|19,00|3,00|||0,57||
|C170|3|812040||1,00000|UN|19,00||0|000|1202||19,00|17,00|3,23|0||0|||||||50|19,00|0,65|||0,12|50|19,00|3,00|||0,57||
|C190|000|1202|17,00|48,00|48,00|8,16|0|0|0|0||
|C100|0|0|800006977|01|00|U|0069604||21092011|21092011|29,00|0|||29,00|9||||29,00|4,93||||||||
|C170|1|501720||1,00000|UN|29,00||0|000|1202||29,00|17,00|4,93|0||0|||||||50|29,00|0,65|||0,19|50|29,00|3,00|||0,87||
|C190|000|1202|17,00|29,00|29,00|4,93|0|0|0|0||
|C100|0|0|800006977|01|00|U|0069605||21092011|21092011|119,00|0|||119,00|9||||119,00|20,23||||||||
|C170|1|150150||1,00000|UN|119,00||0|000|1202||119,00|17,00|20,23|0||0|||||||50|119,00|0,65|||0,77|50|119,00|3,00|||3,57||
|C190|000|1202|17,00|119,00|119,00|20,23|0|0|0|0||
|C100|0|0|800006977|01|00|U|0069606||21092011|21092011|358,00|0|||358,00|9||||358,00|60,86||||||||
|C170|1|180270||1,00000|UN|259,00||0|000|1202||259,00|17,00|44,03|0||0|||||||50|259,00|0,65|||1,68|50|259,00|3,00|||7,77||
|C170|2|330250||1,00000|UN|99,00||0|000|1202||99,00|17,00|16,83|0||0|||||||50|99,00|0,65|||0,64|50|99,00|3,00|||2,97||
|C190|000|1202|17,00|358,00|358,00|60,86|0|0|0|0||
|C100|0|0|800006977|01|00|U|0069609||21092011|21092011|259,00|0|||259,00|9||||259,00|44,03||||||||
|C170|1|180270||1,00000|UN|259,00||0|000|1202||259,00|17,00|44,03|0||0|||||||50|259,00|0,65|||1,68|50|259,00|3,00|||7,77||
|C190|000|1202|17,00|259,00|259,00|44,03|0|0|0|0||
|C100|0|0|800006977|01|00|U|0069611||22092011|22092011|94,00|0|||94,00|9||||94,00|15,98||||||||
|C170|1|120030||1,00000|UN|94,00||0|000|1202||94,00|17,00|15,98|0||0|||||||50|94,00|0,65|||0,61|50|94,00|3,00|||2,82||
|C190|000|1202|17,00|94,00|94,00|15,98|0|0|0|0||
|C100|0|0|800006977|01|00|U|0069612||23092011|23092011|675,00|0|||675,00|9||||675,00|114,75||||||||
|C170|1|290290||1,00000|UN|94,00||0|000|1202||94,00|17,00|15,98|0||0|||||||50|94,00|0,65|||0,61|50|94,00|3,00|||2,82||
|C170|2|501110||1,00000|UN|274,00||0|000|1202||274,00|17,00|46,58|0||0|||||||50|274,00|0,65|||1,78|50|274,00|3,00|||8,22||
|C170|3|840860||1,00000|UN|118,00||0|000|1202||118,00|17,00|20,06|0||0|||||||50|118,00|0,65|||0,77|50|118,00|3,00|||3,54||
|C170|4|813290||1,00000|UN|189,00||0|000|1202||189,00|17,00|32,13|0||0|||||||50|189,00|0,65|||1,23|50|189,00|3,00|||5,67||
|C190|000|1202|17,00|675,00|675,00|114,75|0|0|0|0||
|C100|0|0|800006977|01|00|U|0069615||24092011|24092011|828,00|0|||828,00|9||||828,00|140,76||||||||
|C170|1|031093||1,00000|UN|398,00||0|000|1202||398,00|17,00|67,66|0||0|||||||50|398,00|0,65|||2,59|50|398,00|3,00|||11,94||
|C170|2|090260||1,00000|UN|278,00||0|000|1202||278,00|17,00|47,26|0||0|||||||50|278,00|0,65|||1,81|50|278,00|3,00|||8,34||
|C170|3|180290||1,00000|UN|118,00||0|000|1202||118,00|17,00|20,06|0||0|||||||50|118,00|0,65|||0,77|50|118,00|3,00|||3,54||
|C170|4|700322||1,00000|UN|5,00||0|000|1202||5,00|17,00|0,85|0||0|||||||50|5,00|0,65|||0,03|50|5,00|3,00|||0,15||
|C170|5|501790||1,00000|UN|29,00||0|000|1202||29,00|17,00|4,93|0||0|||||||50|29,00|0,65|||0,19|50|29,00|3,00|||0,87||
|C190|000|1202|17,00|828,00|828,00|140,76|0|0|0|0||
|C100|0|0|800006977|01|00|U|0069617||26092011|26092011|342,00|0|||342,00|9||||342,00|58,14||||||||
|C170|1|290190||1,00000|UN|55,00||0|000|1202||55,00|17,00|9,35|0||0|||||||50|55,00|0,65|||0,36|50|55,00|3,00|||1,65||
|C170|2|502201||1,00000|UN|65,00||0|000|1202||65,00|17,00|11,05|0||0|||||||50|65,00|0,65|||0,42|50|65,00|3,00|||1,95||
|C170|3|910781||1,00000|UN|69,00||0|000|1202||69,00|17,00|11,73|0||0|||||||50|69,00|0,65|||0,45|50|69,00|3,00|||2,07||
|C170|4|840411||1,00000|UN|29,00||0|000|1202||29,00|17,00|4,93|0||0|||||||50|29,00|0,65|||0,19|50|29,00|3,00|||0,87||
|C170|5|700330||1,00000|UN|59,00||0|000|1202||59,00|17,00|10,03|0||0|||||||50|59,00|0,65|||0,38|50|59,00|3,00|||1,77||
|C170|6|840980||1,00000|UN|65,00||0|000|1202||65,00|17,00|11,05|0||0|||||||50|65,00|0,65|||0,42|50|65,00|3,00|||1,95||
|C190|000|1202|17,00|342,00|342,00|58,14|0|0|0|0||
|C100|0|0|800006977|01|00|U|0069618||26092011|26092011|1139,00|0|||1139,00|9||||1139,00|193,63||||||||
|C170|1|180770||1,00000|UN|1139,00||0|000|1202||1139,00|17,00|193,63|0||0|||||||50|1139,00|0,65|||7,40|50|1139,00|3,00|||34,17||
|C190|000|1202|17,00|1139,00|1139,00|193,63|0|0|0|0||
|C100|0|0|800006977|01|00|U|0069620||27092011|27092011|2658,00|0|||2658,00|9||||2658,00|451,86||||||||
|C170|1|030053||1,00000|UN|1999,00||0|000|1202||1999,00|17,00|339,83|0||0|||||||50|1999,00|0,65|||12,99|50|1999,00|3,00|||59,97||
|C170|2|040453||1,00000|UN|659,00||0|000|1202||659,00|17,00|112,03|0||0|||||||50|659,00|0,65|||4,28|50|659,00|3,00|||19,77||
|C190|000|1202|17,00|2658,00|2658,00|451,86|0|0|0|0||
|C100|0|0|800006977|01|00|U|0069621||27092011|27092011|120,00|0|||120,00|9||||120,00|20,40||||||||
|C170|1|531540||1,00000|UN|120,00||0|000|1202||120,00|17,00|20,40|0||0|||||||50|120,00|0,65|||0,78|50|120,00|3,00|||3,60||
|C190|000|1202|17,00|120,00|120,00|20,40|0|0|0|0||
|C100|0|0|800006977|01|00|U|0069622||27092011|27092011|538,00|0|||538,00|9||||538,00|91,46||||||||
|C170|1|040470||1,00000|UN|409,00||0|000|1202||409,00|17,00|69,53|0||0|||||||50|409,00|0,65|||2,66|50|409,00|3,00|||12,27||
|C170|2|290300||1,00000|UN|129,00||0|000|1202||129,00|17,00|21,93|0||0|||||||50|129,00|0,65|||0,84|50|129,00|3,00|||3,87||
|C190|000|1202|17,00|538,00|538,00|91,46|0|0|0|0||
|C100|0|0|800006977|01|00|U|0069623||27092011|27092011|94,00|0|||94,00|9||||94,00|15,98||||||||
|C170|1|120030||1,00000|UN|94,00||0|000|1202||94,00|17,00|15,98|0||0|||||||50|94,00|0,65|||0,61|50|94,00|3,00|||2,82||
|C190|000|1202|17,00|94,00|94,00|15,98|0|0|0|0||
|C100|0|0|800006977|01|00|U|0069629||28092011|28092011|278,00|0|||278,00|9||||278,00|47,26||||||||
|C170|1|120120||1,00000|UN|278,00||0|000|1202||278,00|17,00|47,26|0||0|||||||50|278,00|0,65|||1,81|50|278,00|3,00|||8,34||
|C190|000|1202|17,00|278,00|278,00|47,26|0|0|0|0||
|C100|0|0|800006977|01|00|U|0069631||29092011|29092011|1299,00|0|||1299,00|9||||1299,00|220,83||||||||
|C170|1|030760||1,00000|UN|1299,00||0|000|1202||1299,00|17,00|220,83|0||0|||||||50|1299,00|0,65|||8,44|50|1299,00|3,00|||38,97||
|C190|000|1202|17,00|1299,00|1299,00|220,83|0|0|0|0||
|C100|0|0|800006977|01|00|U|0069632||29092011|29092011|6785,00|0|||6785,00|9||||6785,00|1153,45||||||||
|C170|1|030680||1,00000|UN|571,00||0|000|1202||571,00|17,00|97,07|0||0|||||||50|571,00|0,65|||3,71|50|571,00|3,00|||17,13||
|C170|2|030800||1,00000|UN|791,00||0|000|1202||791,00|17,00|134,47|0||0|||||||50|791,00|0,65|||5,14|50|791,00|3,00|||23,73||
|C170|3|030830||1,00000|UN|1144,00||0|000|1202||1144,00|17,00|194,48|0||0|||||||50|1144,00|0,65|||7,44|50|1144,00|3,00|||34,32||
|C170|4|030820||1,00000|UN|1144,00||0|000|1202||1144,00|17,00|194,48|0||0|||||||50|1144,00|0,65|||7,44|50|1144,00|3,00|||34,32||
|C170|5|030951||1,00000|UN|440,00||0|000|1202||440,00|17,00|74,80|0||0|||||||50|440,00|0,65|||2,86|50|440,00|3,00|||13,20||
|C170|6|100210||1,00000|UN|168,00||0|000|1202||168,00|17,00|28,56|0||0|||||||50|168,00|0,65|||1,09|50|168,00|3,00|||5,04||
|C170|7|220650||1,00000|UN|1693,00||0|000|1202||1693,00|17,00|287,81|0||0|||||||50|1693,00|0,65|||11,00|50|1693,00|3,00|||50,79||
|C170|8|250520||1,00000|UN|439,00||0|000|1202||439,00|17,00|74,63|0||0|||||||50|439,00|0,65|||2,85|50|439,00|3,00|||13,17||
|C170|9|950470||1,00000|UN|395,00||0|000|1202||395,00|17,00|67,15|0||0|||||||50|395,00|0,65|||2,57|50|395,00|3,00|||11,85||
|C190|000|1202|17,00|6785,00|6785,00|1153,45|0|0|0|0||
|C100|0|0|800006977|01|00|U|0069633||29092011|29092011|7465,00|0|||7465,00|9||||7465,00|1269,05||||||||
|C170|1|030123||1,00000|UN|1405,00||0|000|1202||1405,00|17,00|238,85|0||0|||||||50|1405,00|0,65|||9,13|50|1405,00|3,00|||42,15||
|C170|2|030680||1,00000|UN|572,00||0|000|1202||572,00|17,00|97,24|0||0|||||||50|572,00|0,65|||3,72|50|572,00|3,00|||17,16||
|C170|3|030810||1,00000|UN|1100,00||0|000|1202||1100,00|17,00|187,00|0||0|||||||50|1100,00|0,65|||7,15|50|1100,00|3,00|||33,00||
|C170|4|030760||1,00000|UN|571,00||0|000|1202||571,00|17,00|97,07|0||0|||||||50|571,00|0,65|||3,71|50|571,00|3,00|||17,13||
|C170|5|030800||1,00000|UN|792,00||0|000|1202||792,00|17,00|134,64|0||0|||||||50|792,00|0,65|||5,15|50|792,00|3,00|||23,76||
|C170|6|050993||1,00000|UN|2463,00||0|000|1202||2463,00|17,00|418,71|0||0|||||||50|2463,00|0,65|||16,01|50|2463,00|3,00|||73,89||
|C170|7|950470||1,00000|UN|395,00||0|000|1202||395,00|17,00|67,15|0||0|||||||50|395,00|0,65|||2,57|50|395,00|3,00|||11,85||
|C170|8|100210||1,00000|UN|167,00||0|000|1202||167,00|17,00|28,39|0||0|||||||50|167,00|0,65|||1,09|50|167,00|3,00|||5,01||
|C190|000|1202|17,00|7465,00|7465,00|1269,05|0|0|0|0||
|C100|0|0|800006977|01|00|U|0069634||29092011|29092011|5801,00|0|||5801,00|9||||5801,00|986,17||||||||
|C170|1|030030||1,00000|UN|1294,00||0|000|1202||1294,00|17,00|219,98|0||0|||||||50|1294,00|0,65|||8,41|50|1294,00|3,00|||38,82||
|C170|2|030680||1,00000|UN|623,00||0|000|1202||623,00|17,00|105,91|0||0|||||||50|623,00|0,65|||4,05|50|623,00|3,00|||18,69||
|C170|3|030830||1,00000|UN|1160,00||0|000|1202||1160,00|17,00|197,20|0||0|||||||50|1160,00|0,65|||7,54|50|1160,00|3,00|||34,80||
|C170|4|030760||1,00000|UN|580,00||0|000|1202||580,00|17,00|98,60|0||0|||||||50|580,00|0,65|||3,77|50|580,00|3,00|||17,40||
|C170|5|030770||1,00000|UN|580,00||0|000|1202||580,00|17,00|98,60|0||0|||||||50|580,00|0,65|||3,77|50|580,00|3,00|||17,40||
|C170|6|031260||1,00000|UN|258,00||0|000|1202||258,00|17,00|43,86|0||0|||||||50|258,00|0,65|||1,68|50|258,00|3,00|||7,74||
|C170|7|950470||2,00000|UN|802,00||0|000|1202||802,00|17,00|136,34|0||0|||||||50|802,00|0,65|||5,21|50|802,00|3,00|||24,06||
|C170|8|040123||1,00000|UN|335,00||0|000|1202||335,00|17,00|56,95|0||0|||||||50|335,00|0,65|||2,18|50|335,00|3,00|||10,05||
|C170|9|100210||1,00000|UN|169,00||0|000|1202||169,00|17,00|28,73|0||0|||||||50|169,00|0,65|||1,10|50|169,00|3,00|||5,07||
|C190|000|1202|17,00|5801,00|5801,00|986,17|0|0|0|0||
|C100|0|0|800006977|01|00|U|0069635||29092011|29092011|259,00|0|||259,00|9||||259,00|44,03||||||||
|C170|1|180270||1,00000|UN|259,00||0|000|1202||259,00|17,00|44,03|0||0|||||||50|259,00|0,65|||1,68|50|259,00|3,00|||7,77||
|C190|000|1202|17,00|259,00|259,00|44,03|0|0|0|0||
|C100|0|0|800006977|01|00|U|0069638||30092011|30092011|900,00|0|||900,00|9||||900,00|153,00||||||||
|C170|1|120030||1,00000|UN|99,00||0|000|1202||99,00|17,00|16,83|0||0|||||||50|99,00|0,65|||0,64|50|99,00|3,00|||2,97||
|C170|2|150070||1,00000|UN|69,00||0|000|1202||69,00|17,00|11,73|0||0|||||||50|69,00|0,65|||0,45|50|69,00|3,00|||2,07||
|C170|3|290060||1,00000|UN|259,00||0|000|1202||259,00|17,00|44,03|0||0|||||||50|259,00|0,65|||1,68|50|259,00|3,00|||7,77||
|C170|4|180280||1,00000|UN|100,00||0|000|1202||100,00|17,00|17,00|0||0|||||||50|100,00|0,65|||0,65|50|100,00|3,00|||3,00||
|C170|5|330030||1,00000|UN|129,00||0|000|1202||129,00|17,00|21,93|0||0|||||||50|129,00|0,65|||0,84|50|129,00|3,00|||3,87||
|C170|6|680500||1,00000|UN|55,00||0|000|1202||55,00|17,00|9,35|0||0|||||||50|55,00|0,65|||0,36|50|55,00|3,00|||1,65||
|C170|7|900331||1,00000|UN|55,00||0|000|1202||55,00|17,00|9,35|0||0|||||||50|55,00|0,65|||0,36|50|55,00|3,00|||1,65||
|C170|8|680940||1,00000|UN|55,00||0|000|1202||55,00|17,00|9,35|0||0|||||||50|55,00|0,65|||0,36|50|55,00|3,00|||1,65||
|C170|9|910782||1,00000|UN|79,00||0|000|1202||79,00|17,00|13,43|0||0|||||||50|79,00|0,65|||0,51|50|79,00|3,00|||2,37||
|C190|000|1202|17,00|900,00|900,00|153,00|0|0|0|0||
|C100|0|0|800006977|01|00|U|0069640||30092011|30092011|3980,00|0|||3980,00|9||||3980,00|676,60||||||||
|C170|1|050970||1,00000|UN|661,00||0|000|1202||661,00|17,00|112,37|0||0|||||||50|661,00|0,65|||4,30|50|661,00|3,00|||19,83||
|C170|2|050993||1,00000|UN|2648,00||0|000|1202||2648,00|17,00|450,16|0||0|||||||50|2648,00|0,65|||17,21|50|2648,00|3,00|||79,44||
|C170|3|051210||1,00000|UN|671,00||0|000|1202||671,00|17,00|114,07|0||0|||||||50|671,00|0,65|||4,36|50|671,00|3,00|||20,13||
|C190|000|1202|17,00|3980,00|3980,00|676,60|0|0|0|0||
|C100|0|0|800006977|01|00|U|0069641||30092011|30092011|1146,00|0|||1146,00|9||||1146,00|194,82||||||||
|C170|1|120020||1,00000|UN|99,00||0|000|1202||99,00|17,00|16,83|0||0|||||||50|99,00|0,65|||0,64|50|99,00|3,00|||2,97||
|C170|2|180290||1,00000|UN|129,00||0|000|1202||129,00|17,00|21,93|0||0|||||||50|129,00|0,65|||0,84|50|129,00|3,00|||3,87||
|C170|3|290250||1,00000|UN|119,00||0|000|1202||119,00|17,00|20,23|0||0|||||||50|119,00|0,65|||0,77|50|119,00|3,00|||3,57||
|C170|4|290270||1,00000|UN|99,00||0|000|1202||99,00|17,00|16,83|0||0|||||||50|99,00|0,65|||0,64|50|99,00|3,00|||2,97||
|C170|5|290300||1,00000|UN|129,00||0|000|1202||129,00|17,00|21,93|0||0|||||||50|129,00|0,65|||0,84|50|129,00|3,00|||3,87||
|C170|6|290190||1,00000|UN|55,00||0|000|1202||55,00|17,00|9,35|0||0|||||||50|55,00|0,65|||0,36|50|55,00|3,00|||1,65||
|C170|7|502202||1,00000|UN|79,00||0|000|1202||79,00|17,00|13,43|0||0|||||||50|79,00|0,65|||0,51|50|79,00|3,00|||2,37||
|C170|8|680281||1,00000|UN|35,00||0|000|1202||35,00|17,00|5,95|0||0|||||||50|35,00|0,65|||0,23|50|35,00|3,00|||1,05||
|C170|9|900456||1,00000|UN|35,00||0|000|1202||35,00|17,00|5,95|0||0|||||||50|35,00|0,65|||0,23|50|35,00|3,00|||1,05||
|C170|10|840890||1,00000|UN|39,00||0|000|1202||39,00|17,00|6,63|0||0|||||||50|39,00|0,65|||0,25|50|39,00|3,00|||1,17||
|C170|11|520570||1,00000|UN|49,00||0|000|1202||49,00|17,00|8,33|0||0|||||||50|49,00|0,65|||0,32|50|49,00|3,00|||1,47||
|C170|12|902430||1,00000|UN|279,00||0|000|1202||279,00|17,00|47,43|0||0|||||||50|279,00|0,65|||1,81|50|279,00|3,00|||8,37||
|C190|000|1202|17,00|1146,00|1146,00|194,82|0|0|0|0||
|C100|0|1|800006977|01|00|1|0004165||12092011|12092011|319,26|0|||319,26|9||||0|0||||||||
|C170|1|180380||1,00000|UN|319,26||0|000|1949|||||0||0|||||||01|319,26||||0|01|319,26||||0||
|C190|000|1949||319,26|0|0|0|0|0|0||
|C100|0|0|800006977|01|00|U|0069574||12092011|12092011|1200,00|0|||1200,00|9||||1200,00|204,00||||||||
|C170|1|040053||1,00000|UN|1200,00||0|000|1202||1200,00|17,00|204,00|0||0|||||||50|1200,00|0,65|||7,80|50|1200,00|3,00|||36,00||
|C190|000|1202|17,00|1200,00|1200,00|204,00|0|0|0|0||
|C100|1|0|208|01|00|U|0069593||17092011|17092011|749,00|0|||749,00|9||||0|0||||||||
|C170|1|040123||1,00000|UN|749,00||0|041|5949|||||0||0|||||||99||||||99|||||||
|C190|041|5949||749,00|0|0|0|0|0|0||
|C100|1|0|800007204|01|00|U|0069607||21092011|21092011|259,00|0|||259,00|9||||0|0||||||||
|C170|1|180270||1,00000|UN|259,00||0|041|5949|||||0||0|||||||99||||||99|||||||
|C190|041|5949||259,00|0|0|0|0|0|0||
|C100|1|0|800006019|01|00|U|0069608||21092011|21092011|259,00|0|||259,00|9||||0|0||||||||
|C170|1|180270||1,00000|UN|259,00||0|041|5949|||||0||0|||||||99||||||99|||||||
|C190|041|5949||259,00|0|0|0|0|0|0||
|C100|1|0|800009987|01|00|U|0069579||13092011|13092011|969,00|0|||969,00|9||||0|0||||||||
|C170|1|050920||1,00000|UN|969,00||0|041|5949|||||0||0|||||||99||||||99|||||||
|C190|041|5949||969,00|0|0|0|0|0|0||
|C100|1|0|800007203|01|00|U|0069549||01092011|01092011|749,00|0|||749,00|9||||0|0||||||||
|C170|1|220100||1,00000|UN|749,00||0|041|5949|||||0||0|||||||99||||||99|||||||
|C190|041|5949||749,00|0|0|0|0|0|0||
|C100|1|0|800007195|01|00|U|0069628||28092011|28092011|895,00|0|||895,00|9||||0|0||||||||
|C170|1|220423||1,00000|UN|895,00||0|041|5949|||||0||0|||||||99||||||99|||||||
|C190|041|5949||895,00|0|0|0|0|0|0||
|C100|1|0|800008026|01|00|U|0069555||02092011|02092011|4784,06|0|||4784,06|9||||4784,06|813,29||||||||
|C170|1|051060||2,00000|UN|716,34||0|000|5152||716,34|17,00|121,78|0||0|||||||01|716,34|0,65|||4,66|01|716,34|3,00|||21,49||
|C170|2|200030||1,00000|UN|918,84||0|000|5152||918,84|17,00|156,20|0||0|||||||01|918,84|0,65|||5,97|01|918,84|3,00|||27,57||
|C170|3|220110||2,00000|UN|1106,82||0|000|5152||1106,82|17,00|188,16|0||0|||||||01|1106,82|0,65|||7,19|01|1106,82|3,00|||33,20||
|C170|4|330020||9,00000|UN|548,64||0|000|5152||548,64|17,00|93,27|0||0|||||||01|548,64|0,65|||3,57|01|548,64|3,00|||16,46||
|C170|5|200360||10,00000|UN|1320,00||0|000|5152||1320,00|17,00|224,40|0||0|||||||01|1320,00|0,65|||8,58|01|1320,00|3,00|||39,60||
|C170|6|290350||2,00000|UN|173,42||0|000|5152||173,42|17,00|29,48|0||0|||||||01|173,42|0,65|||1,13|01|173,42|3,00|||5,20||
|C190|000|5152|17,00|4784,06|4784,06|813,29|0|0|0|0||
|C100|1|0|800008026|01|00|U|0069557||03092011|03092011|983,37|0|||983,37|9||||983,37|167,17||||||||
|C170|1|030293||1,00000|UN|983,37||0|000|5152||983,37|17,00|167,17|0||0|||||||01|983,37|0,65|||6,39|01|983,37|3,00|||29,50||
|C190|000|5152|17,00|983,37|983,37|167,17|0|0|0|0||
|C100|1|0|800008026|01|00|U|0069558||03092011|03092011|15830,83|0|||15830,83|9||||15830,83|2691,24||||||||
|C170|1|040123||1,00000|UN|456,56||0|000|5152||456,56|17,00|77,62|0||0|||||||01|456,56|0,65|||2,97|01|456,56|3,00|||13,70||
|C170|2|040133||1,00000|UN|480,10||0|000|5152||480,10|17,00|81,62|0||0|||||||01|480,10|0,65|||3,12|01|480,10|3,00|||14,40||
|C170|3|040440||3,00000|UN|772,68||0|000|5152||772,68|17,00|131,36|0||0|||||||01|772,68|0,65|||5,02|01|772,68|3,00|||23,18||
|C170|4|040550||3,00000|UN|267,75||0|000|5152||267,75|17,00|45,52|0||0|||||||01|267,75|0,65|||1,74|01|267,75|3,00|||8,03||
|C170|5|040570||6,00000|UN|674,28||0|000|5152||674,28|17,00|114,63|0||0|||||||01|674,28|0,65|||4,38|01|674,28|3,00|||20,23||
|C170|6|100210||10,00000|UN|2324,80||0|000|5152||2324,80|17,00|395,22|0||0|||||||01|2324,80|0,65|||15,11|01|2324,80|3,00|||69,74||
|C170|7|180770||5,00000|UN|3462,95||0|000|5152||3462,95|17,00|588,70|0||0|||||||01|3462,95|0,65|||22,51|01|3462,95|3,00|||103,89||
|C170|8|180750||1,00000|UN|1278,69||0|000|5152||1278,69|17,00|217,38|0||0|||||||01|1278,69|0,65|||8,31|01|1278,69|3,00|||38,36||
|C170|9|180270||10,00000|UN|1540,30||0|000|5152||1540,30|17,00|261,85|0||0|||||||01|1540,30|0,65|||10,01|01|1540,30|3,00|||46,21||
|C170|10|180970||1,00000|UN|1882,44||0|000|5152||1882,44|17,00|320,01|0||0|||||||01|1882,44|0,65|||12,24|01|1882,44|3,00|||56,47||
|C170|11|180910||1,00000|UN|2690,28||0|000|5152||2690,28|17,00|457,35|0||0|||||||01|2690,28|0,65|||17,49|01|2690,28|3,00|||80,71||
|C190|000|5152|17,00|15830,83|15830,83|2691,24|0|0|0|0||
|C100|1|0|800008026|01|00|U|0069548||01092011|01092011|46,64|0|||46,64|9||||46,64|7,93||||||||
|C170|1|902890||2,00000|UN|46,64||0|000|5152||46,64|17,00|7,93|0||0|||||||01|46,64|0,65|||0,30|01|46,64|3,00|||1,40||
|C190|000|5152|17,00|46,64|46,64|7,93|0|0|0|0||
|C100|1|0|800008026|01|00|U|0069551||01092011|01092011|4275,32|0|||4275,32|9||||4275,32|726,80||||||||
|C170|1|040053||1,00000|UN|745,95||0|000|5152||745,95|17,00|126,81|0||0|||||||01|745,95|0,65|||4,85|01|745,95|3,00|||22,38||
|C170|2|040203||1,00000|UN|1030,72||0|000|5152||1030,72|17,00|175,22|0||0|||||||01|1030,72|0,65|||6,70|01|1030,72|3,00|||30,92||
|C170|3|180270||2,00000|UN|308,06||0|000|5152||308,06|17,00|52,37|0||0|||||||01|308,06|0,65|||2,00|01|308,06|3,00|||9,24||
|C170|4|051210||1,00000|UN|865,94||0|000|5152||865,94|17,00|147,21|0||0|||||||01|865,94|0,65|||5,63|01|865,94|3,00|||25,98||
|C170|5|180750||1,00000|UN|1200,00||0|000|5152||1200,00|17,00|204,00|0||0|||||||01|1200,00|0,65|||7,80|01|1200,00|3,00|||36,00||
|C170|6|120130||1,00000|UN|30,38||0|000|5152||30,38|17,00|5,16|0||0|||||||01|30,38|0,65|||0,20|01|30,38|3,00|||0,91||
|C170|7|502202||1,00000|UN|37,97||0|000|5152||37,97|17,00|6,45|0||0|||||||01|37,97|0,65|||0,25|01|37,97|3,00|||1,14||
|C170|8|330050||1,00000|UN|27,29||0|000|5152||27,29|17,00|4,64|0||0|||||||01|27,29|0,65|||0,18|01|27,29|3,00|||0,82||
|C170|9|840970||1,00000|UN|29,01||0|000|5152||29,01|17,00|4,93|0||0|||||||01|29,01|0,65|||0,19|01|29,01|3,00|||0,87||
|C190|000|5152|17,00|4275,32|4275,32|726,80|0|0|0|0||
|C100|1|0|800008026|01|00|U|0069564||09092011|09092011|8548,01|0|||8548,01|9||||8548,01|1453,16||||||||
|C170|1|030123||1,00000|UN|2007,09||0|000|5152||2007,09|17,00|341,21|0||0|||||||01|2007,09|0,65|||13,05|01|2007,09|3,00|||60,21||
|C170|2|030253||1,00000|UN|929,79||0|000|5152||929,79|17,00|158,06|0||0|||||||01|929,79|0,65|||6,04|01|929,79|3,00|||27,89||
|C170|3|180273||6,00000|UN|1148,04||0|000|5152||1148,04|17,00|195,17|0||0|||||||01|1148,04|0,65|||7,46|01|1148,04|3,00|||34,44||
|C170|4|180920||3,00000|UN|97,95||0|000|5152||97,95|17,00|16,65|0||0|||||||01|97,95|0,65|||0,64|01|97,95|3,00|||2,94||
|C170|5|180400||3,00000|UN|957,78||0|000|5152||957,78|17,00|162,82|0||0|||||||01|957,78|0,65|||6,23|01|957,78|3,00|||28,73||
|C170|6|180760||4,00000|UN|3407,36||0|000|5152||3407,36|17,00|579,25|0||0|||||||01|3407,36|0,65|||22,15|01|3407,36|3,00|||102,22||
|C190|000|5152|17,00|8548,01|8548,01|1453,16|0|0|0|0||
|C100|1|0|800008026|01|00|U|0069566||09092011|09092011|319,26|0|||319,26|9||||319,26|54,27||||||||
|C170|1|180550||1,00000|UN|319,26||0|000|5152||319,26|17,00|54,27|0||0|||||||01|319,26|0,65|||2,08|01|319,26|3,00|||9,58||
|C190|000|5152|17,00|319,26|319,26|54,27|0|0|0|0||
|C100|1|0|800008026|01|00|U|0069568||10092011|10092011|2938,62|0|||2938,62|9||||2938,62|499,57||||||||
|C170|1|030940||1,00000|UN|999,16||0|000|5152||999,16|17,00|169,86|0||0|||||||01|999,16|0,65|||6,49|01|999,16|3,00|||29,97||
|C170|2|103110||10,00000|UN|290,00||0|000|5152||290,00|17,00|49,30|0||0|||||||01|290,00|0,65|||1,89|01|290,00|3,00|||8,70||
|C170|3|330050||16,00000|UN|436,64||0|000|5152||436,64|17,00|74,23|0||0|||||||01|436,64|0,65|||2,84|01|436,64|3,00|||13,10||
|C170|4|103120||5,00000|UN|30,00||0|000|5152||30,00|17,00|5,10|0||0|||||||01|30,00|0,65|||0,20|01|30,00|3,00|||0,90||
|C170|5|120030||1,00000|UN|60,50||0|000|5152||60,50|17,00|10,29|0||0|||||||01|60,50|0,65|||0,39|01|60,50|3,00|||1,82||
|C170|6|220133||1,00000|UN|997,04||0|000|5152||997,04|17,00|169,50|0||0|||||||01|997,04|0,65|||6,48|01|997,04|3,00|||29,91||
|C170|7|500380||6,00000|UN|125,28||0|000|5152||125,28|17,00|21,30|0||0|||||||01|125,28|0,65|||0,81|01|125,28|3,00|||3,76||
|C190|000|5152|17,00|2938,62|2938,62|499,57|0|0|0|0||
|C100|1|0|800008026|01|00|U|0069570||10092011|10092011|1114,10|0|||1114,10|9||||1114,10|189,40||||||||
|C170|1|030133||1,00000|UN|1114,10||0|000|5152||1114,10|17,00|189,40|0||0|||||||01|1114,10|0,65|||7,24|01|1114,10|3,00|||33,42||
|C190|000|5152|17,00|1114,10|1114,10|189,40|0|0|0|0||
|C100|1|0|800008026|01|00|U|0069571||12092011|12092011|796,16|0|||796,16|9||||796,16|135,35||||||||
|C170|1|160120||1,00000|UN|72,88||0|000|5152||72,88|17,00|12,39|0||0|||||||01|72,88|0,65|||0,47|01|72,88|3,00|||2,19||
|C170|2|160170||2,00000|UN|224,58||0|000|5152||224,58|17,00|38,18|0||0|||||||01|224,58|0,65|||1,46|01|224,58|3,00|||6,74||
|C170|3|180550||1,00000|UN|319,26||0|000|5152||319,26|17,00|54,27|0||0|||||||01|319,26|0,65|||2,08|01|319,26|3,00|||9,58||
|C170|4|160200||2,00000|UN|179,44||0|000|5152||179,44|17,00|30,50|0||0|||||||01|179,44|0,65|||1,17|01|179,44|3,00|||5,38||
|C190|000|5152|17,00|796,16|796,16|135,35|0|0|0|0||
|C100|1|0|800008026|01|00|U|0069575||13092011|13092011|950,53|0|||950,53|9||||950,53|161,59||||||||
|C170|1|030970||1,00000|UN|950,53||0|000|5152||950,53|17,00|161,59|0||0|||||||01|950,53|0,65|||6,18|01|950,53|3,00|||28,52||
|C190|000|5152|17,00|950,53|950,53|161,59|0|0|0|0||
|C100|1|0|800008026|01|00|U|0069577||13092011|13092011|1091,05|0|||1091,05|9||||1091,05|185,48||||||||
|C170|1|200040||1,00000|UN|1091,05||0|000|5152||1091,05|17,00|185,48|0||0|||||||01|1091,05|0,65|||7,09|01|1091,05|3,00|||32,73||
|C190|000|5152|17,00|1091,05|1091,05|185,48|0|0|0|0||
|C100|1|0|800008026|01|00|U|0069584||14092011|14092011|1030,72|0|||1030,72|9||||1030,72|175,22||||||||
|C170|1|040203||1,00000|UN|1030,72||0|000|5152||1030,72|17,00|175,22|0||0|||||||01|1030,72|0,65|||6,70|01|1030,72|3,00|||30,92||
|C190|000|5152|17,00|1030,72|1030,72|175,22|0|0|0|0||
|C100|1|0|800008026|01|00|U|0069585||15092011|15092011|82,16|0|||82,16|9||||82,16|13,97||||||||
|C170|1|520261||1,00000|UN|58,45||0|000|5152||58,45|17,00|9,94|0||0|||||||01|58,45|0,65|||0,38|01|58,45|3,00|||1,75||
|C170|2|902500||1,00000|UN|23,71||0|000|5152||23,71|17,00|4,03|0||0|||||||01|23,71|0,65|||0,15|01|23,71|3,00|||0,71||
|C190|000|5152|17,00|82,16|82,16|13,97|0|0|0|0||
|C100|1|0|800008026|01|00|U|0069586||15092011|15092011|829,71|0|||829,71|9||||829,71|141,05||||||||
|C170|1|050970||1,00000|UN|829,71||0|000|5152||829,71|17,00|141,05|0||0|||||||01|829,71|0,65|||5,39|01|829,71|3,00|||24,89||
|C190|000|5152|17,00|829,71|829,71|141,05|0|0|0|0||
|C100|1|0|800008026|01|00|U|0069590||17092011|17092011|7751,06|0|||7751,06|9||||7751,06|1317,68||||||||
|C170|1|031240||6,00000|UN|958,38||0|000|5152||958,38|17,00|162,92|0||0|||||||01|958,38|0,65|||6,23|01|958,38|3,00|||28,75||
|C170|2|031260||3,00000|UN|1039,80||0|000|5152||1039,80|17,00|176,77|0||0|||||||01|1039,80|0,65|||6,76|01|1039,80|3,00|||31,19||
|C170|3|100200||10,00000|UN|2483,20||0|000|5152||2483,20|17,00|422,14|0||0|||||||01|2483,20|0,65|||16,14|01|2483,20|3,00|||74,50||
|C170|4|180270||10,00000|UN|1540,30||0|000|5152||1540,30|17,00|261,85|0||0|||||||01|1540,30|0,65|||10,01|01|1540,30|3,00|||46,21||
|C170|5|180273||5,00000|UN|956,70||0|000|5152||956,70|17,00|162,64|0||0|||||||01|956,70|0,65|||6,22|01|956,70|3,00|||28,70||
|C170|6|040440||3,00000|UN|772,68||0|000|5152||772,68|17,00|131,36|0||0|||||||01|772,68|0,65|||5,02|01|772,68|3,00|||23,18||
|C190|000|5152|17,00|7751,06|7751,06|1317,68|0|0|0|0||
|C100|1|0|800008026|01|00|U|0069596||19092011|19092011|576,61|0|||576,61|9||||576,61|98,02||||||||
|C170|1|900081||2,00000|UN|10,60||0|000|5152||10,60|17,00|1,80|0||0|||||||01|10,60|0,65|||0,07|01|10,60|3,00|||0,32||
|C170|2|900610||3,00000|UN|16,29||0|000|5152||16,29|17,00|2,77|0||0|||||||01|16,29|0,65|||0,11|01|16,29|3,00|||0,49||
|C170|3|900740||2,00000|UN|143,88||0|000|5152||143,88|17,00|24,46|0||0|||||||01|143,88|0,65|||0,94|01|143,88|3,00|||4,32||
|C170|4|900750||1,00000|UN|134,39||0|000|5152||134,39|17,00|22,85|0||0|||||||01|134,39|0,65|||0,87|01|134,39|3,00|||4,03||
|C170|5|900910||2,00000|UN|33,22||0|000|5152||33,22|17,00|5,65|0||0|||||||01|33,22|0,65|||0,22|01|33,22|3,00|||1,00||
|C170|6|900911||2,00000|UN|40,64||0|000|5152||40,64|17,00|6,91|0||0|||||||01|40,64|0,65|||0,26|01|40,64|3,00|||1,22||
|C170|7|902200||2,00000|UN|24,40||0|000|5152||24,40|17,00|4,15|0||0|||||||01|24,40|0,65|||0,16|01|24,40|3,00|||0,73||
|C170|8|902870||1,00000|UN|35,57||0|000|5152||35,57|17,00|6,05|0||0|||||||01|35,57|0,65|||0,23|01|35,57|3,00|||1,07||
|C170|9|902450||1,00000|UN|121,74||0|000|5152||121,74|17,00|20,70|0||0|||||||01|121,74|0,65|||0,79|01|121,74|3,00|||3,65||
|C170|10|903070||2,00000|UN|15,88||0|000|5152||15,88|17,00|2,70|0||0|||||||01|15,88|0,65|||0,10|01|15,88|3,00|||0,48||
|C190|000|5152|17,00|576,61|576,61|98,02|0|0|0|0||
|C100|1|0|800008026|01|00|U|0069597||19092011|19092011|1367,67|0|||1367,67|9||||1367,67|232,50||||||||
|C170|1|900121||3,00000|UN|29,61||0|000|5152||29,61|17,00|5,03|0||0|||||||01|29,61|0,65|||0,19|01|29,61|3,00|||0,89||
|C170|2|900980||3,00000|UN|49,41||0|000|5152||49,41|17,00|8,40|0||0|||||||01|49,41|0,65|||0,32|01|49,41|3,00|||1,48||
|C170|3|901861||1,00000|UN|24,83||0|000|5152||24,83|17,00|4,22|0||0|||||||01|24,83|0,65|||0,16|01|24,83|3,00|||0,74||
|C170|4|901410||2,00000|UN|108,46||0|000|5152||108,46|17,00|18,44|0||0|||||||01|108,46|0,65|||0,71|01|108,46|3,00|||3,25||
|C170|5|901411||2,00000|UN|85,78||0|000|5152||85,78|17,00|14,58|0||0|||||||01|85,78|0,65|||0,56|01|85,78|3,00|||2,57||
|C170|6|901000||2,00000|UN|39,98||0|000|5152||39,98|17,00|6,80|0||0|||||||01|39,98|0,65|||0,26|01|39,98|3,00|||1,20||
|C170|7|903081||3,00000|UN|402,90||0|000|5152||402,90|17,00|68,49|0||0|||||||01|402,90|0,65|||2,62|01|402,90|3,00|||12,09||
|C170|8|903080||4,00000|UN|268,44||0|000|5152||268,44|17,00|45,63|0||0|||||||01|268,44|0,65|||1,74|01|268,44|3,00|||8,05||
|C170|9|902270||1,00000|UN|59,87||0|000|5152||59,87|17,00|10,18|0||0|||||||01|59,87|0,65|||0,39|01|59,87|3,00|||1,80||
|C170|10|902920||1,00000|UN|48,19||0|000|5152||48,19|17,00|8,19|0||0|||||||01|48,19|0,65|||0,31|01|48,19|3,00|||1,45||
|C170|11|902930||6,00000|UN|46,26||0|000|5152||46,26|17,00|7,86|0||0|||||||01|46,26|0,65|||0,30|01|46,26|3,00|||1,39||
|C170|12|902500||2,00000|UN|47,42||0|000|5152||47,42|17,00|8,06|0||0|||||||01|47,42|0,65|||0,31|01|47,42|3,00|||1,42||
|C170|13|902250||2,00000|UN|132,00||0|000|5152||132,00|17,00|22,44|0||0|||||||01|132,00|0,65|||0,86|01|132,00|3,00|||3,96||
|C170|14|902940||1,00000|UN|10,86||0|000|5152||10,86|17,00|1,85|0||0|||||||01|10,86|0,65|||0,07|01|10,86|3,00|||0,33||
|C170|15|903563||2,00000|UN|13,66||0|000|5152||13,66|17,00|2,32|0||0|||||||01|13,66|0,65|||0,09|01|13,66|3,00|||0,41||
|C190|000|5152|17,00|1367,67|1367,67|232,50|0|0|0|0||
|C100|1|0|800008026|01|00|U|0069598||19092011|19092011|757,86|0|||757,86|9||||757,86|128,84||||||||
|C170|1|900071||2,00000|UN|154,94||0|000|5152||154,94|17,00|26,34|0||0|||||||01|154,94|0,65|||1,01|01|154,94|3,00|||4,65||
|C170|2|900954||3,00000|UN|26,10||0|000|5152||26,10|17,00|4,44|0||0|||||||01|26,10|0,65|||0,17|01|26,10|3,00|||0,78||
|C170|3|901282||3,00000|UN|27,36||0|000|5152||27,36|17,00|4,65|0||0|||||||01|27,36|0,65|||0,18|01|27,36|3,00|||0,82||
|C170|4|900957||3,00000|UN|16,32||0|000|5152||16,32|17,00|2,77|0||0|||||||01|16,32|0,65|||0,11|01|16,32|3,00|||0,49||
|C170|5|901473||4,00000|UN|26,20||0|000|5152||26,20|17,00|4,45|0||0|||||||01|26,20|0,65|||0,17|01|26,20|3,00|||0,79||
|C170|6|900971||2,00000|UN|6,44||0|000|5152||6,44|17,00|1,09|0||0|||||||01|6,44|0,65|||0,04|01|6,44|3,00|||0,19||
|C170|7|902171||2,00000|UN|307,18||0|000|5152||307,18|17,00|52,22|0||0|||||||01|307,18|0,65|||2,00|01|307,18|3,00|||9,22||
|C170|8|902811||4,00000|UN|28,40||0|000|5152||28,40|17,00|4,83|0||0|||||||01|28,40|0,65|||0,18|01|28,40|3,00|||0,85||
|C170|9|902810||2,00000|UN|27,58||0|000|5152||27,58|17,00|4,69|0||0|||||||01|27,58|0,65|||0,18|01|27,58|3,00|||0,83||
|C170|10|902401||4,00000|UN|19,36||0|000|5152||19,36|17,00|3,29|0||0|||||||01|19,36|0,65|||0,13|01|19,36|3,00|||0,58||
|C170|11|903190||3,00000|UN|13,29||0|000|5152||13,29|17,00|2,26|0||0|||||||01|13,29|0,65|||0,09|01|13,29|3,00|||0,40||
|C170|12|901701||2,00000|UN|30,62||0|000|5152||30,62|17,00|5,21|0||0|||||||01|30,62|0,65|||0,20|01|30,62|3,00|||0,92||
|C170|13|901671||2,00000|UN|33,42||0|000|5152||33,42|17,00|5,68|0||0|||||||01|33,42|0,65|||0,22|01|33,42|3,00|||1,00||
|C170|14|902580||12,00000|UN|27,36||0|000|5152||27,36|17,00|4,65|0||0|||||||01|27,36|0,65|||0,18|01|27,36|3,00|||0,82||
|C170|15|903192||3,00000|UN|13,29||0|000|5152||13,29|17,00|2,26|0||0|||||||01|13,29|0,65|||0,09|01|13,29|3,00|||0,40||
|C190|000|5152|17,00|757,86|757,86|128,84|0|0|0|0||
|C100|1|0|800008026|01|00|U|0069599||19092011|19092011|840,99|0|||840,99|9||||840,99|142,97||||||||
|C170|1|900061||3,00000|UN|15,66||0|000|5152||15,66|17,00|2,66|0||0|||||||01|15,66|0,65|||0,10|01|15,66|3,00|||0,47||
|C170|2|900062||3,00000|UN|28,74||0|000|5152||28,74|17,00|4,89|0||0|||||||01|28,74|0,65|||0,19|01|28,74|3,00|||0,86||
|C170|3|900913||2,00000|UN|36,88||0|000|5152||36,88|17,00|6,27|0||0|||||||01|36,88|0,65|||0,24|01|36,88|3,00|||1,11||
|C170|4|900063||3,00000|UN|14,49||0|000|5152||14,49|17,00|2,46|0||0|||||||01|14,49|0,65|||0,09|01|14,49|3,00|||0,43||
|C170|5|900064||3,00000|UN|14,49||0|000|5152||14,49|17,00|2,46|0||0|||||||01|14,49|0,65|||0,09|01|14,49|3,00|||0,43||
|C170|6|900231||2,00000|UN|73,54||0|000|5152||73,54|17,00|12,50|0||0|||||||01|73,54|0,65|||0,48|01|73,54|3,00|||2,21||
|C170|7|902590||12,00000|UN|54,36||0|000|5152||54,36|17,00|9,24|0||0|||||||01|54,36|0,65|||0,35|01|54,36|3,00|||1,63||
|C170|8|901491||1,00000|UN|90,91||0|000|5152||90,91|17,00|15,45|0||0|||||||01|90,91|0,65|||0,59|01|90,91|3,00|||2,73||
|C170|9|901541||2,00000|UN|39,52||0|000|5152||39,52|17,00|6,72|0||0|||||||01|39,52|0,65|||0,26|01|39,52|3,00|||1,19||
|C170|10|901441||2,00000|UN|24,08||0|000|5152||24,08|17,00|4,09|0||0|||||||01|24,08|0,65|||0,16|01|24,08|3,00|||0,72||
|C170|11|900914||2,00000|UN|25,04||0|000|5152||25,04|17,00|4,26|0||0|||||||01|25,04|0,65|||0,16|01|25,04|3,00|||0,75||
|C170|12|902172||2,00000|UN|301,74||0|000|5152||301,74|17,00|51,30|0||0|||||||01|301,74|0,65|||1,96|01|301,74|3,00|||9,05||
|C170|13|901940||2,00000|UN|12,22||0|000|5152||12,22|17,00|2,08|0||0|||||||01|12,22|0,65|||0,08|01|12,22|3,00|||0,37||
|C170|14|901930||10,00000|UN|56,50||0|000|5152||56,50|17,00|9,61|0||0|||||||01|56,50|0,65|||0,37|01|56,50|3,00|||1,70||
|C170|15|903560||2,00000|UN|52,82||0|000|5152||52,82|17,00|8,98|0||0|||||||01|52,82|0,65|||0,34|01|52,82|3,00|||1,58||
|C190|000|5152|17,00|840,99|840,99|142,97|0|0|0|0||
|C100|1|0|800008026|01|00|U|0069600||19092011|19092011|634,85|0|||634,85|9||||634,85|107,92||||||||
|C170|1|900122||12,00000|UN|142,32||0|000|5152||142,32|17,00|24,19|0||0|||||||01|142,32|0,65|||0,93|01|142,32|3,00|||4,27||
|C170|2|900253||3,00000|UN|46,95||0|000|5152||46,95|17,00|7,98|0||0|||||||01|46,95|0,65|||0,31|01|46,95|3,00|||1,41||
|C170|3|900331||1,00000|UN|25,29||0|000|5152||25,29|17,00|4,30|0||0|||||||01|25,29|0,65|||0,16|01|25,29|3,00|||0,76||
|C170|4|900693||1,00000|UN|36,27||0|000|5152||36,27|17,00|6,17|0||0|||||||01|36,27|0,65|||0,24|01|36,27|3,00|||1,09||
|C170|5|900431||16,00000|UN|172,96||0|000|5152||172,96|17,00|29,40|0||0|||||||01|172,96|0,65|||1,12|01|172,96|3,00|||5,19||
|C170|6|900432||3,00000|UN|16,35||0|000|5152||16,35|17,00|2,78|0||0|||||||01|16,35|0,65|||0,11|01|16,35|3,00|||0,49||
|C170|7|902020||2,00000|UN|72,32||0|000|5152||72,32|17,00|12,29|0||0|||||||01|72,32|0,65|||0,47|01|72,32|3,00|||2,17||
|C170|8|901672||1,00000|UN|22,50||0|000|5152||22,50|17,00|3,83|0||0|||||||01|22,50|0,65|||0,15|01|22,50|3,00|||0,68||
|C170|9|900850||1,00000|UN|35,49||0|000|5152||35,49|17,00|6,03|0||0|||||||01|35,49|0,65|||0,23|01|35,49|3,00|||1,06||
|C170|10|901771||2,00000|UN|64,40||0|000|5152||64,40|17,00|10,95|0||0|||||||01|64,40|0,65|||0,42|01|64,40|3,00|||1,93||
|C190|000|5152|17,00|634,85|634,85|107,92|0|0|0|0||
|C100|1|0|800008026|01|00|U|0069601||19092011|19092011|916,02|0|||916,02|9||||916,02|155,72||||||||
|C170|1|900031||2,00000|UN|77,48||0|000|5152||77,48|17,00|13,17|0||0|||||||01|77,48|0,65|||0,50|01|77,48|3,00|||2,32||
|C170|2|900033||1,00000|UN|67,44||0|000|5152||67,44|17,00|11,46|0||0|||||||01|67,44|0,65|||0,44|01|67,44|3,00|||2,02||
|C170|3|900800||2,00000|UN|93,50||0|000|5152||93,50|17,00|15,89|0||0|||||||01|93,50|0,65|||0,61|01|93,50|3,00|||2,81||
|C170|4|900052||2,00000|UN|77,88||0|000|5152||77,88|17,00|13,24|0||0|||||||01|77,88|0,65|||0,51|01|77,88|3,00|||2,34||
|C170|5|900053||3,00000|UN|102,09||0|000|5152||102,09|17,00|17,36|0||0|||||||01|102,09|0,65|||0,66|01|102,09|3,00|||3,06||
|C170|6|900591||2,00000|UN|99,14||0|000|5152||99,14|17,00|16,85|0||0|||||||01|99,14|0,65|||0,64|01|99,14|3,00|||2,97||
|C170|7|902950||2,00000|UN|18,80||0|000|5152||18,80|17,00|3,20|0||0|||||||01|18,80|0,65|||0,12|01|18,80|3,00|||0,56||
|C170|8|902960||1,00000|UN|5,69||0|000|5152||5,69|17,00|0,97|0||0|||||||01|5,69|0,65|||0,04|01|5,69|3,00|||0,17||
|C170|9|902970||1,00000|UN|7,07||0|000|5152||7,07|17,00|1,20|0||0|||||||01|7,07|0,65|||0,05|01|7,07|3,00|||0,21||
|C170|10|901460||2,00000|UN|68,22||0|000|5152||68,22|17,00|11,60|0||0|||||||01|68,22|0,65|||0,44|01|68,22|3,00|||2,05||
|C170|11|900872||3,00000|UN|145,83||0|000|5152||145,83|17,00|24,79|0||0|||||||01|145,83|0,65|||0,95|01|145,83|3,00|||4,37||
|C170|12|902511||4,00000|UN|152,88||0|000|5152||152,88|17,00|25,99|0||0|||||||01|152,88|0,65|||0,99|01|152,88|3,00|||4,59||
|C190|000|5152|17,00|916,02|916,02|155,72|0|0|0|0||
|C100|1|0|800008026|01|00|U|0069603||21092011|21092011|10617,84|0|||10617,84|9||||10617,84|1805,03||||||||
|C170|1|030553||3,00000|UN|1756,71||0|000|5152||1756,71|17,00|298,64|0||0|||||||01|1756,71|0,65|||11,42|01|1756,71|3,00|||52,70||
|C170|2|040123||2,00000|UN|916,50||0|000|5152||916,50|17,00|155,81|0||0|||||||01|916,50|0,65|||5,96|01|916,50|3,00|||27,50||
|C170|3|090070||1,00000|UN|31,68||0|000|5152||31,68|17,00|5,39|0||0|||||||01|31,68|0,65|||0,21|01|31,68|3,00|||0,95||
|C170|4|040133||2,00000|UN|964,70||0|000|5152||964,70|17,00|164,00|0||0|||||||01|964,70|0,65|||6,27|01|964,70|3,00|||28,94||
|C170|5|040453||1,00000|UN|400,29||0|000|5152||400,29|17,00|68,05|0||0|||||||01|400,29|0,65|||2,60|01|400,29|3,00|||12,01||
|C170|6|040550||6,00000|UN|570,06||0|000|5152||570,06|17,00|96,91|0||0|||||||01|570,06|0,65|||3,71|01|570,06|3,00|||17,10||
|C170|7|090200||6,00000|UN|221,34||0|000|5152||221,34|17,00|37,63|0||0|||||||01|221,34|0,65|||1,44|01|221,34|3,00|||6,64||
|C170|8|090220||1,00000|UN|77,86||0|000|5152||77,86|17,00|13,24|0||0|||||||01|77,86|0,65|||0,51|01|77,86|3,00|||2,34||
|C170|9|200480||10,00000|UN|1005,70||0|000|5152||1005,70|17,00|170,97|0||0|||||||01|1005,70|0,65|||6,54|01|1005,70|3,00|||30,17||
|C170|10|200370||10,00000|UN|1967,60||0|000|5152||1967,60|17,00|334,49|0||0|||||||01|1967,60|0,65|||12,79|01|1967,60|3,00|||59,03||
|C170|11|200210||10,00000|UN|2705,40||0|000|5152||2705,40|17,00|459,92|0||0|||||||01|2705,40|0,65|||17,59|01|2705,40|3,00|||81,16||
|C190|000|5152|17,00|10617,84|10617,84|1805,03|0|0|0|0||
|C100|1|0|800008026|01|00|U|0069610||22092011|22092011|3574,25|0|||3574,25|9||||3574,25|607,62||||||||
|C170|1|030560||3,00000|UN|1194,54||0|000|5152||1194,54|17,00|203,07|0||0|||||||01|1194,54|0,65|||7,76|01|1194,54|3,00|||35,84||
|C170|2|030563||3,00000|UN|1107,12||0|000|5152||1107,12|17,00|188,21|0||0|||||||01|1107,12|0,65|||7,20|01|1107,12|3,00|||33,21||
|C170|3|031273||1,00000|UN|1200,26||0|000|5152||1200,26|17,00|204,04|0||0|||||||01|1200,26|0,65|||7,80|01|1200,26|3,00|||36,01||
|C170|4|290250||1,00000|UN|72,33||0|000|5152||72,33|17,00|12,30|0||0|||||||01|72,33|0,65|||0,47|01|72,33|3,00|||2,17||
|C190|000|5152|17,00|3574,25|3574,25|607,62|0|0|0|0||
|C100|1|0|800008026|01|00|U|0069613||23092011|23092011|144,77|0|||144,77|9||||144,77|24,61||||||||
|C170|1|501110||1,00000|UN|144,77||0|000|5152||144,77|17,00|24,61|0||0|||||||01|144,77|0,65|||0,94|01|144,77|3,00|||4,34||
|C190|000|5152|17,00|144,77|144,77|24,61|0|0|0|0||
|C100|1|0|800008026|01|00|U|0069614||24092011|24092011|8913,34|0|||8913,34|9||||8913,34|1515,27||||||||
|C170|1|040250||2,00000|UN|1090,70||0|000|5152||1090,70|17,00|185,42|0||0|||||||01|1090,70|0,65|||7,09|01|1090,70|3,00|||32,72||
|C170|2|040290||3,00000|UN|2037,72||0|000|5152||2037,72|17,00|346,41|0||0|||||||01|2037,72|0,65|||13,25|01|2037,72|3,00|||61,13||
|C170|3|040530||3,00000|UN|1690,59||0|000|5152||1690,59|17,00|287,40|0||0|||||||01|1690,59|0,65|||10,99|01|1690,59|3,00|||50,72||
|C170|4|040520||3,00000|UN|1946,13||0|000|5152||1946,13|17,00|330,84|0||0|||||||01|1946,13|0,65|||12,65|01|1946,13|3,00|||58,38||
|C170|5|040340||1,00000|UN|948,05||0|000|5152||948,05|17,00|161,17|0||0|||||||01|948,05|0,65|||6,16|01|948,05|3,00|||28,44||
|C170|6|040470||5,00000|UN|1200,15||0|000|5152||1200,15|17,00|204,03|0||0|||||||01|1200,15|0,65|||7,80|01|1200,15|3,00|||36,00||
|C190|000|5152|17,00|8913,34|8913,34|1515,27|0|0|0|0||
|C100|1|0|800008026|01|00|U|0069624||27092011|27092011|60,50|0|||60,50|9||||60,50|10,29||||||||
|C170|1|120030||1,00000|UN|60,50||0|000|5152||60,50|17,00|10,29|0||0|||||||01|60,50|0,65|||0,39|01|60,50|3,00|||1,82||
|C190|000|5152|17,00|60,50|60,50|10,29|0|0|0|0||
|C100|1|0|800008026|01|00|U|0069630||29092011|29092011|6757,48|0|||6757,48|9||||6757,48|1148,77||||||||
|C170|1|180540||1,00000|UN|211,00||0|000|5152||211,00|17,00|35,87|0||0|||||||01|211,00|0,65|||1,37|01|211,00|3,00|||6,33||
|C170|2|180770||3,00000|UN|2077,77||0|000|5152||2077,77|17,00|353,22|0||0|||||||01|2077,77|0,65|||13,51|01|2077,77|3,00|||62,33||
|C170|3|290033||4,00000|UN|428,56||0|000|5152||428,56|17,00|72,86|0||0|||||||01|428,56|0,65|||2,79|01|428,56|3,00|||12,86||
|C170|4|290053||2,00000|UN|236,36||0|000|5152||236,36|17,00|40,18|0||0|||||||01|236,36|0,65|||1,54|01|236,36|3,00|||7,09||
|C170|5|290190||6,00000|UN|183,18||0|000|5152||183,18|17,00|31,14|0||0|||||||01|183,18|0,65|||1,19|01|183,18|3,00|||5,50||
|C170|6|290200||6,00000|UN|366,30||0|000|5152||366,30|17,00|62,27|0||0|||||||01|366,30|0,65|||2,38|01|366,30|3,00|||10,99||
|C170|7|290210||4,00000|UN|746,44||0|000|5152||746,44|17,00|126,89|0||0|||||||01|746,44|0,65|||4,85|01|746,44|3,00|||22,39||
|C170|8|290230||2,00000|UN|132,16||0|000|5152||132,16|17,00|22,47|0||0|||||||01|132,16|0,65|||0,86|01|132,16|3,00|||3,96||
|C170|9|290250||4,00000|UN|266,64||0|000|5152||266,64|17,00|45,33|0||0|||||||01|266,64|0,65|||1,73|01|266,64|3,00|||8,00||
|C170|10|290260||6,00000|UN|158,70||0|000|5152||158,70|17,00|26,98|0||0|||||||01|158,70|0,65|||1,03|01|158,70|3,00|||4,76||
|C170|11|290270||3,00000|UN|123,51||0|000|5152||123,51|17,00|21,00|0||0|||||||01|123,51|0,65|||0,80|01|123,51|3,00|||3,71||
|C170|12|290280||3,00000|UN|209,52||0|000|5152||209,52|17,00|35,62|0||0|||||||01|209,52|0,65|||1,36|01|209,52|3,00|||6,29||
|C170|13|290300||4,00000|UN|307,88||0|000|5152||307,88|17,00|52,34|0||0|||||||01|307,88|0,65|||2,00|01|307,88|3,00|||9,24||
|C170|14|290310||4,00000|UN|354,92||0|000|5152||354,92|17,00|60,34|0||0|||||||01|354,92|0,65|||2,31|01|354,92|3,00|||10,65||
|C170|15|330250||18,00000|UN|954,54||0|000|5152||954,54|17,00|162,27|0||0|||||||01|954,54|0,65|||6,20|01|954,54|3,00|||28,64||
|C190|000|5152|17,00|6757,48|6757,48|1148,77|0|0|0|0||
|C100|1|0|800008026|01|00|U|0069636||30092011|30092011|9670,25|0|||9670,25|9||||9670,25|1643,94||||||||
|C170|1|030523||3,00000|UN|523,20||0|000|5152||523,20|17,00|88,94|0||0|||||||01|523,20|0,65|||3,40|01|523,20|3,00|||15,70||
|C170|2|040430||3,00000|UN|594,15||0|000|5152||594,15|17,00|101,01|0||0|||||||01|594,15|0,65|||3,86|01|594,15|3,00|||17,82||
|C170|3|040570||5,00000|UN|561,90||0|000|5152||561,90|17,00|95,52|0||0|||||||01|561,90|0,65|||3,65|01|561,90|3,00|||16,86||
|C170|4|040440||2,00000|UN|515,12||0|000|5152||515,12|17,00|87,57|0||0|||||||01|515,12|0,65|||3,35|01|515,12|3,00|||15,45||
|C170|5|100200||6,00000|UN|1489,92||0|000|5152||1489,92|17,00|253,29|0||0|||||||01|1489,92|0,65|||9,68|01|1489,92|3,00|||44,70||
|C170|6|100210||10,00000|UN|2324,80||0|000|5152||2324,80|17,00|395,22|0||0|||||||01|2324,80|0,65|||15,11|01|2324,80|3,00|||69,74||
|C170|7|120020||3,00000|UN|164,04||0|000|5152||164,04|17,00|27,89|0||0|||||||01|164,04|0,65|||1,07|01|164,04|3,00|||4,92||
|C170|8|120080||10,00000|UN|854,90||0|000|5152||854,90|17,00|145,33|0||0|||||||01|854,90|0,65|||5,56|01|854,90|3,00|||25,65||
|C170|9|120130||1,00000|UN|30,38||0|000|5152||30,38|17,00|5,16|0||0|||||||01|30,38|0,65|||0,20|01|30,38|3,00|||0,91||
|C170|10|950300||6,00000|UN|307,26||0|000|5152||307,26|17,00|52,23|0||0|||||||01|307,26|0,65|||2,00|01|307,26|3,00|||9,22||
|C170|11|950310||6,00000|UN|415,62||0|000|5152||415,62|17,00|70,66|0||0|||||||01|415,62|0,65|||2,70|01|415,62|3,00|||12,47||
|C170|12|950330||1,00000|UN|1150,42||0|000|5152||1150,42|17,00|195,57|0||0|||||||01|1150,42|0,65|||7,48|01|1150,42|3,00|||34,51||
|C170|13|950360||3,00000|UN|738,54||0|000|5152||738,54|17,00|125,55|0||0|||||||01|738,54|0,65|||4,80|01|738,54|3,00|||22,16||
|C190|000|5152|17,00|9670,25|9670,25|1643,94|0|0|0|0||
|C100|1|0|800008026|01|00|U|0069637||30092011|30092011|5358,12|0|||5358,12|9||||5358,12|910,88||||||||
|C170|1|330010||6,00000|UN|405,18||0|000|5152||405,18|17,00|68,88|0||0|||||||01|405,18|0,65|||2,63|01|405,18|3,00|||12,16||
|C170|2|330090||6,00000|UN|409,98||0|000|5152||409,98|17,00|69,70|0||0|||||||01|409,98|0,65|||2,66|01|409,98|3,00|||12,30||
|C170|3|330130||4,00000|UN|524,52||0|000|5152||524,52|17,00|89,17|0||0|||||||01|524,52|0,65|||3,41|01|524,52|3,00|||15,74||
|C170|4|330150||2,00000|UN|453,08||0|000|5152||453,08|17,00|77,02|0||0|||||||01|453,08|0,65|||2,95|01|453,08|3,00|||13,59||
|C170|5|330210||12,00000|UN|488,40||0|000|5152||488,40|17,00|83,03|0||0|||||||01|488,40|0,65|||3,17|01|488,40|3,00|||14,65||
|C170|6|330240||4,00000|UN|172,68||0|000|5152||172,68|17,00|29,36|0||0|||||||01|172,68|0,65|||1,12|01|172,68|3,00|||5,18||
|C170|7|950370||1,00000|UN|764,61||0|000|5152||764,61|17,00|129,98|0||0|||||||01|764,61|0,65|||4,97|01|764,61|3,00|||22,94||
|C170|8|950460||1,00000|UN|560,72||0|000|5152||560,72|17,00|95,32|0||0|||||||01|560,72|0,65|||3,64|01|560,72|3,00|||16,82||
|C170|9|950490||5,00000|UN|1578,95||0|000|5152||1578,95|17,00|268,42|0||0|||||||01|1578,95|0,65|||10,26|01|1578,95|3,00|||47,37||
|C190|000|5152|17,00|5358,12|5358,12|910,88|0|0|0|0||
|C100|1|0|800008026|01|00|U|0069639||30092011|30092011|5150,46|0|||5150,46|9||||5150,46|875,58||||||||
|C170|1|200050||4,00000|UN|4439,48||0|000|5152||4439,48|17,00|754,71|0||0|||||||01|4439,48|0,65|||28,86|01|4439,48|3,00|||133,18||
|C170|2|200510||2,00000|UN|710,98||0|000|5152||710,98|17,00|120,87|0||0|||||||01|710,98|0,65|||4,62|01|710,98|3,00|||21,33||
|C190|000|5152|17,00|5150,46|5150,46|875,58|0|0|0|0||
|C100|1|0|41|01|00|U|0069582||14092011|14092011|399,00|0|||399,00|9||||0|0||||||||
|C170|1|100200||1,00000|UN|399,00||0|041|5949|||||0||0|||||||99||||||99|||||||
|C190|041|5949||399,00|0|0|0|0|0|0||
|C100|1|0|800007205|01|00|U|0069594||17092011|17092011|1285,00|0|||1285,00|9||||0|0||||||||
|C170|1|040453||1,00000|UN|292,00||0|041|5949|||||0||0|||||||99||||||99|||||||
|C170|2|100030||1,00000|UN|234,00||0|041|5949|||||0||0|||||||99||||||99|||||||
|C170|3|180770||1,00000|UN|517,00||0|041|5949|||||0||0|||||||99||||||99|||||||
|C170|4|180550||1,00000|UN|242,00||0|041|5949|||||0||0|||||||99||||||99|||||||
|C190|041|5949||1285,00|0|0|0|0|0|0||
|C100|1|0|800006994|01|00|U|0069560||05092011|05092011|538,73|0|||538,73|9||||0|0||||||||
|C170|1|120040||2,00000|UN|85,06||0|041|5915|||||0||0|||||||99||||||99|||||||
|C170|2|120070||1,00000|UN|85,15||0|041|5915|||||0||0|||||||99||||||99|||||||
|C170|3|120080||1,00000|UN|85,49||0|041|5915|||||0||0|||||||99||||||99|||||||
|C170|4|120090||3,00000|UN|127,05||0|041|5915|||||0||0|||||||99||||||99|||||||
|C170|5|120120||1,00000|UN|155,98||0|041|5915|||||0||0|||||||99||||||99|||||||
|C190|041|5915||538,73|0|0|0|0|0|0||
|C100|1|0|800006994|01|00|U|0069561||05092011|05092011|340,93|0|||340,93|9||||0|0||||||||
|C170|1|080020||1,00000|UN|60,77||0|041|5915|||||0||0|||||||99||||||99|||||||
|C170|2|080030||2,00000|UN|280,16||0|041|5915|||||0||0|||||||99||||||99|||||||
|C190|041|5915||340,93|0|0|0|0|0|0||
|C100|1|0|800006994|01|00|U|0069562||05092011|05092011|130,00|0|||130,00|9||||0|0||||||||
|C170|1|150040||2,00000|UN|69,40||0|041|5915|||||0||0|||||||99||||||99|||||||
|C170|2|150420||1,00000|UN|60,60||0|041|5915|||||0||0|||||||99||||||99|||||||
|C190|041|5915||130,00|0|0|0|0|0|0||
|C100|1|0|800006994|01|00|U|0069642||30092011|30092011|180,00|0|||180,00|9||||0|0||||||||
|C170|1|100200||1,00000|UN|180,00||0|041|5949|||||0||0|||||||99||||||99|||||||
|C190|041|5949||180,00|0|0|0|0|0|0||
|C100|1|0|800006994|01|00|U|0069643||30092011|30092011|158,00|0|||158,00|9||||0|0||||||||
|C170|1|521080||1,00000|UN|109,00||0|041|5949|||||0||0|||||||99||||||99|||||||
|C170|2|810382||1,00000|UN|49,00||0|041|5949|||||0||0|||||||99||||||99|||||||
|C190|041|5949||158,00|0|0|0|0|0|0||
|C100|1|0|800006994|01|00|U|0069552||01092011|01092011|255,68|0|||255,68|9||||0|0||||||||
|C170|1|120080||2,00000|UN|170,98||0|041|5915|||||0||0|||||||99||||||99|||||||
|C170|2|120090||2,00000|UN|84,70||0|041|5915|||||0||0|||||||99||||||99|||||||
|C190|041|5915||255,68|0|0|0|0|0|0||
|C100|1|0|800006994|01|00|U|0069553||01092011|01092011|556,47|0|||556,47|9||||0|0||||||||
|C170|1|150010||1,00000|UN|70,61||0|041|5915|||||0||0|||||||99||||||99|||||||
|C170|2|150040||1,00000|UN|34,70||0|041|5915|||||0||0|||||||99||||||99|||||||
|C170|3|150420||5,00000|UN|303,00||0|041|5915|||||0||0|||||||99||||||99|||||||
|C170|4|150300||1,00000|UN|37,12||0|041|5915|||||0||0|||||||99||||||99|||||||
|C170|5|150340||2,00000|UN|111,04||0|041|5915|||||0||0|||||||99||||||99|||||||
|C190|041|5915||556,47|0|0|0|0|0|0||
|C100|1|0|800006994|01|00|U|0069554||01092011|01092011|452,64|0|||452,64|9||||0|0||||||||
|C170|1|950450||1,00000|UN|452,64||0|041|5915|||||0||0|||||||99||||||99|||||||
|C190|041|5915||452,64|0|0|0|0|0|0||
|C100|0|1|800008028|01|00|1|0409378||09092011|26092011|17039,48|0|||15777,30|1|631,09|||1139,00|79,73||||||||
|C170|1|031160||15,00000|UN|15777,30||0|000|2102||1139,00|7,00|79,73|0||0|||||||01|15777,30||||0|01|15777,30||||0||
|C190|000|2102|7,00|17039,48|1139,00|79,73|0|0|0|0||
|C100|0|1|800008028|01|00|1|0634978||09092011|26092011|7785,44|0|||5988,80|1|898,32|||1139,00|79,73||||||||
|C170|1|030033||5,00000|UN|5988,80||0|000|2102||1139,00|7,00|79,73|0||0|||||||01|5988,80||||0|01|5988,80||||0||
|C190|000|2102|7,00|7785,44|1139,00|79,73|0|0|0|0||
|C100|0|1|800008028|01|00|1|0634980||09092011|26092011|1172,80|0|||902,16|1|135,32|||1139,00|79,73||||||||
|C170|1|030940||1,00000|UN|902,16||0|000|2102||1139,00|7,00|79,73|0||0|||||||01|902,16||||0|01|902,16||||0||
|C190|000|2102|7,00|1172,80|1139,00|79,73|0|0|0|0||
|C100|0|1|800008028|01|00|1|0634981||09092011|26092011|2345,62|0|||1804,32|1|270,65|||1139,00|79,73||||||||
|C170|1|030940||2,00000|UN|1804,32||0|000|2102||1139,00|7,00|79,73|0||0|||||||01|1804,32||||0|01|1804,32||||0||
|C190|000|2102|7,00|2345,62|1139,00|79,73|0|0|0|0||
|C100|0|1|800008028|01|00|1|0634982||09092011|26092011|8507,39|0|||6544,15|1|981,62|||1139,00|79,73||||||||
|C170|1|030830||5,00000|UN|6544,15||0|000|2102||1139,00|7,00|79,73|0||0|||||||01|6544,15||||0|01|6544,15||||0||
|C190|000|2102|7,00|8507,39|1139,00|79,73|0|0|0|0||
|C100|0|1|800008028|01|00|1|0634983||09092011|26092011|1708,00|0|||1220,00|1|244,00|||1139,00|79,73||||||||
|C170|1|030283||5,00000|UN|1220,00||0|000|2102||1139,00|7,00|79,73|0||0|||||||01|1220,00||||0|01|1220,00||||0||
|C190|000|2102|7,00|1708,00|1139,00|79,73|0|0|0|0||
|C100|0|1|800006986|01|00|U|0406024||02092011|20092011|4374,00|0|||4050,00|1|162,00|||999,00|69,93||||||||
|C170|1|040383||10,00000|UN|4050,00||0|000|2102||999,00|7,00|69,93|0||0||||||||||||||||||||
|C190|000|2102|7,00|4374,00|999,00|69,93|0|0|0|0||
|C100|0|1|800007198|01|00|1|0073261||27092011|30092011|6738,72|0|||6738,72|9||||4185,00|502,20||||||||
|C170|1|890341||15,00000|UN|112,47||0|000|2102||279,00|12,00|33,48|0||0|||||||01|112,47||||0|01|112,47||||0||
|C170|2|890350||4,00000|UN|297,78||0|000|2102||279,00|12,00|33,48|0||0|||||||01|297,78||||0|01|297,78||||0||
|C170|3|890450||4,00000|UN|261,82||0|000|2102||279,00|12,00|33,48|0||0|||||||01|261,82||||0|01|261,82||||0||
|C170|4|890360||5,00000|UN|409,86||0|000|2102||279,00|12,00|33,48|0||0|||||||01|409,86||||0|01|409,86||||0||
|C170|5|890440||6,00000|UN|203,76||0|000|2102||279,00|12,00|33,48|0||0|||||||01|203,77||||0|01|203,77||||0||
|C170|6|890422||6,00000|UN|270,45||0|000|2102||279,00|12,00|33,48|0||0|||||||01|270,46||||0|01|270,46||||0||
|C170|7|890610||4,00000|UN|968,66||0|000|2102||279,00|12,00|33,48|0||0|||||||01|968,66||||0|01|968,66||||0||
|C170|8|890560||3,00000|UN|462,57||0|000|2102||279,00|12,00|33,48|0||0|||||||01|462,57||||0|01|462,57||||0||
|C170|9|890520||6,00000|UN|395,04||0|000|2102||279,00|12,00|33,48|0||0|||||||01|395,04||||0|01|395,04||||0||
|C170|10|890530||4,00000|UN|603,92||0|000|2102||279,00|12,00|33,48|0||0|||||||01|603,92||||0|01|603,92||||0||
|C170|11|890501||9,00000|UN|614,80||0|000|2102||279,00|12,00|33,48|0||0|||||||01|614,81||||0|01|614,81||||0||
|C170|12|890620||6,00000|UN|893,25||0|000|2102||279,00|12,00|33,48|0||0|||||||01|893,25||||0|01|893,25||||0||
|C170|13|890500||4,00000|UN|258,13||0|000|2102||279,00|12,00|33,48|0||0|||||||01|258,13||||0|01|258,13||||0||
|C170|14|890630||6,00000|UN|645,30||0|000|2102||279,00|12,00|33,48|0||0|||||||01|645,30||||0|01|645,30||||0||
|C170|15|890640||2,00000|UN|340,91||0|000|2102||279,00|12,00|33,48|0||0|||||||01|340,91||||0|01|340,91||||0||
|C190|000|2102|12,00|6738,72|4185,00|502,20|0|0|0|0||
|C100|0|1|800008026|01|00|1|0008957||20092011|20092011|117,94|0|||117,94|9||||117,94|20,05||||||||
|C170|1|330250||2,00000|UN|117,94||0|000|1152||117,94|17,00|20,05|0||0||||||||||||||||||||
|C190|000|1152|17,00|117,94|117,94|20,05|0|0|0|0||
|C100|0|1|800008026|01|00|1|0008959||20092011|20092011|66,21|0|||66,21|9||||66,21|11,26||||||||
|C170|1|520740||1,00000|UN|66,21||0|000|1152||66,21|17,00|11,26|0||0||||||||||||||||||||
|C190|000|1152|17,00|66,21|66,21|11,26|0|0|0|0||
|C100|0|1|800008026|01|00|1|0008961||20092011|20092011|30,38|0|||30,38|9||||30,38|5,16||||||||
|C170|1|120130||1,00000|UN|30,38||0|000|1152||30,38|17,00|5,16|0||0||||||||||||||||||||
|C190|000|1152|17,00|30,38|30,38|5,16|0|0|0|0||
|C100|0|1|800008026|01|00|1|0008962||21092011|21092011|60,50|0|||60,50|9||||60,50|10,29||||||||
|C170|1|120030||1,00000|UN|60,50||0|000|1152||60,50|17,00|10,29|0||0||||||||||||||||||||
|C190|000|1152|17,00|60,50|60,50|10,29|0|0|0|0||
|C100|0|1|800008026|01|00|1|0008965||22092011|22092011|182,57|0|||182,57|9||||182,57|31,04||||||||
|C170|1|120170||1,00000|UN|182,57||0|000|1152||182,57|17,00|31,04|0||0||||||||||||||||||||
|C190|000|1152|17,00|182,57|182,57|31,04|0|0|0|0||
|C100|0|1|800008026|01|00|1|0008966||23092011|23092011|142,04|0|||142,04|9||||142,04|24,15||||||||
|C170|1|290060||1,00000|UN|142,04||0|000|1152||142,04|17,00|24,15|0||0||||||||||||||||||||
|C190|000|1152|17,00|142,04|142,04|24,15|0|0|0|0||
|C100|0|1|800008026|01|00|1|0008969||24092011|24092011|253,63|0|||253,63|9||||253,63|43,12||||||||
|C170|1|120120||1,00000|UN|155,98||0|000|1152||155,98|17,00|26,52|0||0||||||||||||||||||||
|C170|2|200520||1,00000|UN|97,65||0|000|1152||97,65|17,00|16,60|0||0||||||||||||||||||||
|C190|000|1152|17,00|253,63|253,63|43,12|0|0|0|0||
|C100|0|1|800008026|01|00|1|0008970||24092011|24092011|66,66|0|||66,66|9||||66,66|11,33||||||||
|C170|1|290250||1,00000|UN|66,66||0|000|1152||66,66|17,00|11,33|0||0||||||||||||||||||||
|C190|000|1152|17,00|66,66|66,66|11,33|0|0|0|0||
|C100|0|1|800008026|01|00|1|0008974||26092011|26092011|417,78|0|||417,78|9||||417,78|71,02||||||||
|C170|1|030543||1,00000|UN|417,78||0|000|1152||417,78|17,00|71,02|0||0||||||||||||||||||||
|C190|000|1152|17,00|417,78|417,78|71,02|0|0|0|0||
|C100|0|1|800008026|01|00|1|0008976||26092011|26092011|120,55|0|||120,55|9||||120,55|20,49||||||||
|C170|1|890550||1,00000|UN|120,55||0|000|1152||120,55|17,00|20,49|0||0||||||||||||||||||||
|C190|000|1152|17,00|120,55|120,55|20,49|0|0|0|0||
|C100|0|1|800008026|01|00|1|0008978||26092011|26092011|232,48|0|||232,48|9||||232,48|39,52||||||||
|C170|1|100210||1,00000|UN|232,48||0|000|1152||232,48|17,00|39,52|0||0||||||||||||||||||||
|C190|000|1152|17,00|232,48|232,48|39,52|0|0|0|0||
|C100|0|1|800008026|01|00|1|0008979||28092011|28092011|174,00|0|||174,00|9||||174,00|29,58||||||||
|C170|1|103110||6,00000|UN|174,00||0|000|1152||174,00|17,00|29,58|0||0||||||||||||||||||||
|C190|000|1152|17,00|174,00|174,00|29,58|0|0|0|0||
|C100|0|1|800008026|01|00|1|0008980||29092011|29092011|1075,65|0|||1075,65|9||||1075,65|182,86||||||||
|C170|1|180790||1,00000|UN|1012,16||0|000|1152||1012,16|17,00|172,07|0||0||||||||||||||||||||
|C170|2|850310||1,00000|UN|63,49||0|000|1152||63,49|17,00|10,79|0||0||||||||||||||||||||
|C190|000|1152|17,00|1075,65|1075,65|182,86|0|0|0|0||
|C100|0|1|800008026|01|00|1|0008981||30092011|30092011|477,35|0|||477,35|9||||477,35|81,15||||||||
|C170|1|030543||1,00000|UN|417,48||0|000|1152||417,48|17,00|70,97|0||0||||||||||||||||||||
|C170|2|902270||1,00000|UN|59,87||0|000|1152||59,87|17,00|10,18|0||0||||||||||||||||||||
|C190|000|1152|17,00|477,35|477,35|81,15|0|0|0|0||
|C100|0|1|800008026|01|00|1|0008983||30092011|30092011|324,00|0|||324,00|9||||324,00|55,08||||||||
|C170|1|090240||1,00000|UN|34,93||0|000|1152||34,93|17,00|5,94|0||0||||||||||||||||||||
|C170|2|120020||1,00000|UN|54,68||0|000|1152||54,68|17,00|9,30|0||0||||||||||||||||||||
|C170|3|120130||1,00000|UN|30,38||0|000|1152||30,38|17,00|5,16|0||0||||||||||||||||||||
|C170|4|840620||1,00000|UN|27,32||0|000|1152||27,32|17,00|4,64|0||0||||||||||||||||||||
|C170|5|900450||1,00000|UN|22,66||0|000|1152||22,66|17,00|3,85|0||0||||||||||||||||||||
|C170|6|180270||1,00000|UN|154,03||0|000|1152||154,03|17,00|26,19|0||0||||||||||||||||||||
|C190|000|1152|17,00|324,00|324,00|55,08|0|0|0|0||
|C100|0|1|800008026|01|00|1|0008984||30092011|30092011|4908,43|0|||4908,43|9||||4908,43|834,43||||||||
|C170|1|030133||1,00000|UN|1114,10||0|000|1152||1114,10|17,00|189,40|0||0||||||||||||||||||||
|C170|2|030293||1,00000|UN|983,37||0|000|1152||983,37|17,00|167,17|0||0||||||||||||||||||||
|C170|3|040203||1,00000|UN|1030,72||0|000|1152||1030,72|17,00|175,22|0||0||||||||||||||||||||
|C170|4|050970||1,00000|UN|829,71||0|000|1152||829,71|17,00|141,05|0||0||||||||||||||||||||
|C170|5|030970||1,00000|UN|950,53||0|000|1152||950,53|17,00|161,59|0||0||||||||||||||||||||
|C190|000|1152|17,00|4908,43|4908,43|834,43|0|0|0|0||
|C100|0|1|800008026|01|00|1|0008986||30092011|30092011|91,10|0|||91,10|9||||91,10|15,49||||||||
|C170|1|500790||10,00000|UN|34,00||0|000|1152||34,00|17,00|5,78|0||0||||||||||||||||||||
|C170|2|500820||5,00000|UN|17,00||0|000|1152||17,00|17,00|2,89|0||0||||||||||||||||||||
|C170|3|501080||4,00000|UN|13,60||0|000|1152||13,60|17,00|2,31|0||0||||||||||||||||||||
|C170|4|810880||5,00000|UN|26,50||0|000|1152||26,50|17,00|4,50|0||0||||||||||||||||||||
|C190|000|1152|17,00|91,10|91,10|15,49|0|0|0|0||
|C100|1|0|800007186|01|00|U|0069569||10092011|10092011|259,00|0|||259,00|9||||0|0||||||||
|C170|1|180270||1,00000|UN|259,00||0|041|5949|||||0||0|||||||99||||||99|||||||
|C190|041|5949||259,00|0|0|0|0|0|0||
|C100|1|0|800007189|01|00|U|0069616||24092011|24092011|6312,00|0|||6312,00|9||||0|0||||||||
|C170|1|040133||8,00000|UN|6312,00||0|041|5949|||||0||0|||||||99||||||99|||||||
|C190|041|5949||6312,00|0|0|0|0|0|0||
|C100|1|0|100004344|01|00|U|0069563||06092011|06092011|1490,00|0|||1490,00|9||||0|0||||||||
|C170|1|030970||1,00000|UN|1490,00||0|041|5949|||||0||0|||||||99||||||99|||||||
|C190|041|5949||1490,00|0|0|0|0|0|0||
|C100|1|0|800007201|01|00|U|0069583||14092011|14092011|1200,00|0|||1200,00|9||||0|0||||||||
|C170|1|031150||1,00000|UN|834,00||0|041|5949|||||0||0|||||||99||||||99|||||||
|C170|2|100210||1,00000|UN|178,00||0|041|5949|||||0||0|||||||99||||||99|||||||
|C170|3|180203||1,00000|UN|188,00||0|041|5949|||||0||0|||||||99||||||99|||||||
|C190|041|5949||1200,00|0|0|0|0|0|0||
|C100|1|0|800007206|01|00|U|0069588||15092011|15092011|1120,00|0|||1120,00|9||||0|0||||||||
|C170|1|030403||1,00000|UN|1120,00||0|041|6949|||||0||0|||||||99||||||99|||||||
|C190|041|6949||1120,00|0|0|0|0|0|0||
|C100|1|0|800007207|01|00|U|0069589||17092011|17092011|899,00|0|||899,00|9||||0|0||||||||
|C170|1|950390||1,00000|UN|899,00||0|041|5949|||||0||0|||||||99||||||99|||||||
|C190|041|5949||899,00|0|0|0|0|0|0||
|C100|1|0|800007208|01|00|U|0069559||03092011|03092011|379,00|0|||379,00|9||||0|0||||||||
|C170|1|100210||1,00000|UN|379,00||0|041|5949|||||0||0|||||||99||||||99|||||||
|C190|041|5949||379,00|0|0|0|0|0|0||
|C100|1|0|800007209|01|00|U|0069587||15092011|15092011|1700,00|0|||1700,00|9||||0|0||||||||
|C170|1|040250||2,00000|UN|1700,00||0|041|5949|||||0||0|||||||99||||||99|||||||
|C190|041|5949||1700,00|0|0|0|0|0|0||
|C100|1|0|800007210|01|00|U|0069602||19092011|19092011|1134,00|0|||1134,00|9||||0|0||||||||
|C170|1|180770||1,00000|UN|1134,00||0|041|5949|||||0||0|||||||99||||||99|||||||
|C190|041|5949||1134,00|0|0|0|0|0|0||
|C100|1|0|800007211|01|00|U|0069573||11092011|11092011|4499,00|0|||4499,00|9||||0|0||||||||
|C170|1|030870||1,00000|UN|4499,00||0|041|5949|||||0||0|||||||99||||||99|||||||
|C190|041|5949||4499,00|0|0|0|0|0|0||
|C100|1|0|800008058|01|00|U|0069625||28092011|28092011|1749,00|0|||1749,00|9||||0|0||||||||
|C170|1|180790||1,00000|UN|1749,00||0|041|5949|||||0||0|||||||99||||||99|||||||
|C190|041|5949||1749,00|0|0|0|0|0|0||
|C100|1|0|800007197|01|00|U|0069627||28092011|28092011|3454,00|0|||3454,00|9||||0|0||||||||
|C170|1|040053||1,00000|UN|1239,00||0|041|5949|||||0||0|||||||99||||||99|||||||
|C170|2|040413||1,00000|UN|429,00||0|041|5949|||||0||0|||||||99||||||99|||||||
|C170|3|100210||1,00000|UN|379,00||0|041|5949|||||0||0|||||||99||||||99|||||||
|C170|4|180270||1,00000|UN|259,00||0|041|5949|||||0||0|||||||99||||||99|||||||
|C170|5|100063||1,00000|UN|309,00||0|041|5949|||||0||0|||||||99||||||99|||||||
|C170|6|050683||1,00000|UN|839,00||0|041|5949|||||0||0|||||||99||||||99|||||||
|C190|041|5949||3454,00|0|0|0|0|0|0||
|C100|1|0|800007196|01|00|U|0069619||26092011|26092011|1500,00|0|||1500,00|9||||0|0||||||||
|C170|1|040340||1,00000|UN|1500,00||0|041|5949|||||0||0|||||||99||||||99|||||||
|C190|041|5949||1500,00|0|0|0|0|0|0||
|C100|1|0|800007202|01|00|U|0069626||28092011|28092011|1260,00|0|||1260,00|9||||0|0||||||||
|C170|1|040143||1,00000|UN|880,00||0|041|5949|||||0||0|||||||99||||||99|||||||
|C170|2|100200||1,00000|UN|380,00||0|041|5949|||||0||0|||||||99||||||99|||||||
|C190|041|5949||1260,00|0|0|0|0|0|0||
|C100|0|1|800006991|55|00|1|000138880|13110963699839000180550010001388801377155544|01092011|23092011|9605,70|1|||8980,95|1|624,75|||9605,70|1152,68||||||||
|C170|1|040530||15,00000|PC|3638,85||0|000|2102||3841,35|12,00|460,96|0||0||||||||3841,35||||||3841,35||||||
|C170|2|040530||15,00000|PC|5342,10||0|000|2102||5764,35|12,00|691,72|0||0||||||||5764,35||||||5764,35||||||
|C190|000|2102|12,00|9605,70|9605,70|1152,68|0|0|0|0||
|C100|0|1|800006991|55|00|1|000138881|13110963699839000180550010001388811945094610|01092011|23092011|8846,16|1|||8346,36|1|499,80|||8846,16|1061,54||||||||
|C170|1|040520||12,00000|PC|3813,24||0|000|2102||3975,24|12,00|477,03|0||0||||||||3975,24||||||3975,24||||||
|C170|2|040520||12,00000|PC|4533,12||0|000|2102||4870,92|12,00|584,51|0||0||||||||4870,92||||||4870,92||||||
|C190|000|2102|12,00|8846,16|8846,16|1061,54|0|0|0|0||
|C100|0|1|800006991|55|00|1|000138882|13110963699839000180550010001388821812401277|01092011|23092011|22241,50|1|||21807,20|1|434,30|||22241,50|2668,98||||||||
|C170|1|040250||8,00000|PC|4849,76||0|000|2102||4957,76|12,00|594,93|0||0||||||||4957,76||||||4957,76||||||
|C170|2|040290||20,00000|PC|15167,40||0|000|2102||15437,40|12,00|1852,49|0||0||||||||15437,40||||||15437,40||||||
|C170|3|040280||2,00000|PC|1790,04||0|000|2102||1846,34|12,00|221,56|0||0||||||||1846,34||||||1846,34||||||
|C190|000|2102|12,00|22241,50|22241,50|2668,98|0|0|0|0||
|C100|0|1|800006991|55|00|1|000138883|13110963699839000180550010001388831417560772|01092011|23092011|5386,65|1|||5245,90|1|140,75|||5386,65|646,40||||||||
|C170|1|040340||5,00000|PC|5245,90||0|000|2102||5386,65|12,00|646,40|0||0||||||||5386,65||||||5386,65||||||
|C190|000|2102|12,00|5386,65|5386,65|646,40|0|0|0|0||
|C100|0|1|800007042|55|00|2|000201211|42110982984287000104550020002012111005705526|08092011|23092011|910,35|1|||867,00|1||||867,00|60,69||||||||
|C170|1|950470||2,00000|UN|867,00||0|000|2102||867,00|7,00|60,69|0||0||||||||910,35||||||910,35||||||
|C190|000|2102|7,00|910,35|867,00|60,69|0|0|0|0||
|C100|0|1|800007037|55|00|1|000095775|31110920520367000224550010000957751000041824|01092011|21092011|12030,00|1|||11156,16|1||||11156,16|780,93||||||||
|C170|1|290033||20,00000|UN|2209,80||0|000|2102||2209,80|7,00|154,69|0||0||||||||2209,80||||||2209,80||||||
|C170|2|290053||20,00000|UN|2437,60||0|000|2102||2437,60|7,00|170,63|0||0||||||||2437,60||||||2437,60||||||
|C170|3|290200||18,00000|UN|981,54||0|000|2102||981,54|7,00|68,71|0||0||||||||1128,77||||||1128,77||||||
|C170|4|290210||10,00000|UN|1666,60||0|000|2102||1666,60|7,00|116,66|0||0||||||||1916,59||||||1916,59||||||
|C170|5|290260||12,00000|UN|291,36||0|000|2102||291,36|7,00|20,40|0||0||||||||326,32||||||326,32||||||
|C170|6|290270||10,00000|UN|384,90||0|000|2102||384,90|7,00|26,94|0||0||||||||423,39||||||423,39||||||
|C170|7|290310||12,00000|UN|951,00||0|000|2102||951,00|7,00|66,57|0||0||||||||1093,65||||||1093,65||||||
|C170|8|290280||12,00000|UN|769,20||0|000|2102||769,20|7,00|53,84|0||0||||||||861,50||||||861,50||||||
|C170|9|290300||12,00000|UN|847,68||0|000|2102||847,68|7,00|59,34|0||0||||||||949,40||||||949,40||||||
|C170|10|290250||6,00000|UN|373,92||0|000|2102||373,92|7,00|26,17|0||0||||||||411,31||||||411,31||||||
|C170|11|290230||4,00000|UN|242,56||0|000|2102||242,56|7,00|16,98|0||0||||||||271,67||||||271,67||||||
|C190|000|2102|7,00|12030,00|11156,16|780,93|0|0|0|0||
|C100|0|1|800007200|55|00|2|000007198|35110950257096000146550020000071981001899945|15092011|30092011|1278,80|1|||1112,00|1||||1112,00|77,84||||||||
|C170|1|CL030||8,00000|UN|1112,00||0|000|2102||1112,00|7,00|77,84|0||0||||||||1278,80||||||1278,80||||||
|C190|000|2102|7,00|1278,80|1112,00|77,84|0|0|0|0||
|C100|0|1|800008059|55|00|4|000001268|32110960963378000201550040000012681964327984|12092011|23092011|3814,00|1|||3814,00|1||||3814,00|457,68||||||||
|C170|1|25149||4,00000|PC|2260,00||0|000|2102||2260,00|12,00|271,20|0||0||||||||2260,00||||||2260,00||||||
|C170|2|25276||6,00000|PC|1554,00||0|000|2102||1554,00|12,00|186,48|0||0||||||||1554,00||||||1554,00||||||
|C190|000|2102|12,00|3814,00|3814,00|457,68|0|0|0|0||
|C100|0|1|800007199|55|00|0|000007054|43110991903443000148550000000070541000566998|08092011|24092011|3613,88|1|||3285,35|1||||3285,35|229,97||||||||
|C170|1|880250||4,00000|UN|350,37||0|000|2102||350,37|7,00|24,53|0||0||||||||385,41||||||385,41||||||
|C170|2|880240||2,00000|UN|126,21||0|000|2102||126,21|7,00|8,83|0||0||||||||138,83||||||138,83||||||
|C170|3|880210||4,00000|UN|178,14||0|000|2102||178,14|7,00|12,47|0||0||||||||195,95||||||195,95||||||
|C170|4|880060||2,00000|UN|140,22||0|000|2102||140,22|7,00|9,82|0||0||||||||154,24||||||154,24||||||
|C170|5|046024||4,00000|UN|125,35||0|000|2102||125,35|7,00|8,77|0||0||||||||137,89||||||137,89||||||
|C170|6|046028||4,00000|UN|151,03||0|000|2102||151,03|7,00|10,57|0||0||||||||166,13||||||166,13||||||
|C170|7|046032||12,00000|UN|540,02||0|000|2102||540,02|7,00|37,80|0||0||||||||594,02||||||594,02||||||
|C170|8|025030||4,00000|UN|156,11||0|000|2102||156,11|7,00|10,93|0||0||||||||171,72||||||171,72||||||
|C170|9|026040||4,00000|UN|157,23||0|000|2102||157,23|7,00|11,01|0||0||||||||172,95||||||172,95||||||
|C170|10|880070||6,00000|UN|321,96||0|000|2102||321,96|7,00|22,54|0||0||||||||354,16||||||354,16||||||
|C170|11|880360||12,00000|UN|139,22||0|000|2102||139,22|7,00|9,75|0||0||||||||153,14||||||153,14||||||
|C170|12|880260||6,00000|UN|97,23||0|000|2102||97,23|7,00|6,81|0||0||||||||106,95||||||106,95||||||
|C170|13|880360||12,00000|UN|258,78||0|000|2102||258,78|7,00|18,11|0||0||||||||284,66||||||284,66||||||
|C170|14|054528||12,00000|UN|543,48||0|000|2102||543,48|7,00|38,04|0||0||||||||597,83||||||597,83||||||
|C190|000|2102|7,00|3613,88|3285,35|229,97|0|0|0|0||
|C100|0|1|800007078|55|00|37|000031486|13110961086336001851550370000314861718730581|13092011|27092011|11934,10|1|||11934,10|1||||0|0||||||||
|C170|1|200050||10,00000|PC|11934,10||0|000|2102|||||0||0||||||||11934,10||||||11934,10||||||
|C190|000|2102||11934,10|0|0|0|0|0|0||
|C100|0|1|800007077|55|00|2|000030168|35110943854116006484550020000301681003357257|27092011|30092011|11934,10|1|||11934,10|9||||11934,10|835,39||||||||
|C170|1|200050||10,00000|PC|11934,10||0|000|2102||11934,10|7,00|835,39|0||0||||||||||||||||||||
|C190|000|2102|7,00|11934,10|11934,10|835,39|0|0|0|0||
|C100|0|1|800007077|55|00|2|000029197|35110943854116006484550020000291971003262123|02092011|20092011|11820,00|1|||11820,00|9||||11820,00|827,40||||||||
|C170|1|200530||50,00000|PC|5250,00||0|000|2102||5250,00|7,00|367,50|0||0||||||||5250,00||||||5250,00||||||
|C170|2|200370||20,00000|PC|4180,00||0|000|2102||4180,00|7,00|292,60|0||0||||||||4180,00||||||4180,00||||||
|C170|3|200400||10,00000|PC|2390,00||0|000|2102||2390,00|7,00|167,30|0||0||||||||2390,00||||||2390,00||||||
|C190|000|2102|7,00|11820,00|11820,00|827,40|0|0|0|0||
|C100|0|1|800007078|55|00|37|000031033|13110961086336001851550370000310331511789913|01092011|10092011|11820,00|1|||11820,00|1||||0|0||||||||
|C170|1|200370||20,00000|PC|4180,00||0|000|2102|||||0||0||||||||4180,00||||||4180,00||||||
|C170|2|200400||10,00000|PC|2390,00||0|000|2102|||||0||0||||||||2390,00||||||2390,00||||||
|C170|3|200530||50,00000|PC|5250,00||0|000|2102|||||0||0||||||||5250,00||||||5250,00||||||
|C190|000|2102||11820,00|0|0|0|0|0|0||
|C100|0|1|800007075|55|00|7|000057459|31110961086336014406550070000574591553216170|02092011|23092011|1125,52|1|||1023,20|1||||1023,20|71,62||||||||
|C170|1|330090||8,00000|PC|511,60||0|000|2102||511,60|7,00|35,81|0||0||||||||562,76||||||562,76||||||
|C170|2|330090||8,00000|PC|511,60||0|000|2102||511,60|7,00|35,81|0||0||||||||562,76||||||562,76||||||
|C190|000|2102|7,00|1125,52|1023,20|71,62|0|0|0|0||
|C100|0|1|800007075|55|00|7|000057460|31110961086336014406550070000574601001695851|02092011|23092011|4224,38|1|||3812,00|1||||3812,00|266,84||||||||
|C170|1|330150||6,00000|PC|1271,76||0|000|2102||1271,76|7,00|89,02|0||0||||||||1398,94||||||1398,94||||||
|C170|2|330130||8,00000|PC|981,52||0|000|2102||981,52|7,00|68,71|0||0||||||||1079,67||||||1079,67||||||
|C170|3|330250||32,00000|PC|1558,72||0|000|2102||1558,72|7,00|109,11|0||0||||||||1745,77||||||1745,77||||||
|C190|000|2102|7,00|4224,38|3812,00|266,84|0|0|0|0||
|C100|0|1|800007081|55|00|21|000052056|35110961086336002157550210000520561864634118|05092011|20092011|5731,75|1|||4585,40|1||||4585,40|320,98||||||||
|C170|1|PET736/55||20,00000|PC|4585,40||0|000|2102||4585,40|7,00|320,98|0||0||||||||5731,75||||||5731,75||||||
|C190|000|2102|7,00|5731,75|4585,40|320,98|0|0|0|0||
|C100|0|1|800006990|55|00|2|000036196|13110804403408000165550020000361961124951641|22082011|09092011|5808,00|1|||5808,00|1||||5808,00|696,96||||||||
|C170|1|180760||6,00000|PEC|5808,00||0|000|2102||5808,00|12,00|696,96|0||0||||||||5808,00||||||5808,00||||||
|C190|000|2102|12,00|5808,00|5808,00|696,96|0|0|0|0||
|C100|0|1|800006990|55|00|2|000036195|13110804403408000165550020000361951124920307|22082011|09092011|1548,80|1|||1548,80|1||||1548,80|185,86||||||||
|C170|1|180760||2,00000|PEC|1548,80||0|000|2102||1548,80|12,00|185,86|0||0||||||||1548,80||||||1548,80||||||
|C190|000|2102|12,00|1548,80|1548,80|185,86|0|0|0|0||
|C100|0|1|800008026|01|00|1|0008953||17092011|17092011|70,72|9|||70,72|9||||70,72|12,02||||||||
|C170|1|890360||1,00000|UN|70,72||0|000|1152||70,72|17,00|12,02|0||0||||||||||||||||||||
|C190|000|1152|17,00|70,72|70,72|12,02|0|0|0|0||
|C100|0|1|800008026|01|00|1|0008949||16092011|16092011|1030,72|9|||1030,72|9||||1030,72|175,22||||||||
|C170|1|040203||1,00000|UN|1030,72||0|000|1152||1030,72|17,00|175,22|0||0||||||||||||||||||||
|C190|000|1152|17,00|1030,72|1030,72|175,22|0|0|0|0||
|C100|0|1|800008026|01|00|1|0008946||16092011|16092011|91,76|9|||91,76|9||||91,76|15,60||||||||
|C170|1|290220||1,00000|UN|48,59||0|000|1152||48,59|17,00|8,26|0||0||||||||||||||||||||
|C170|2|330240||1,00000|UN|43,17||0|000|1152||43,17|17,00|7,34|0||0||||||||||||||||||||
|C190|000|1152|17,00|91,76|91,76|15,60|0|0|0|0||
|C100|0|1|800008026|01|00|1|0008944||16092011|16092011|598,31|9|||598,31|9||||598,31|101,71||||||||
|C170|1|890560||1,00000|UN|115,37||0|000|1152||115,37|17,00|19,61|0||0||||||||||||||||||||
|C170|2|150420||1,00000|UN|60,60||0|000|1152||60,60|17,00|10,30|0||0||||||||||||||||||||
|C170|3|330010||1,00000|UN|67,53||0|000|1152||67,53|17,00|11,48|0||0||||||||||||||||||||
|C170|4|840620||1,00000|UN|27,32||0|000|1152||27,32|17,00|4,64|0||0||||||||||||||||||||
|C170|5|180270||1,00000|UN|154,03||0|000|1152||154,03|17,00|26,19|0||0||||||||||||||||||||
|C170|6|180230||1,00000|UN|49,23||0|000|1152||49,23|17,00|8,37|0||0||||||||||||||||||||
|C170|7|330250||1,00000|UN|58,97||0|000|1152||58,97|17,00|10,02|0||0||||||||||||||||||||
|C170|8|502202||1,00000|UN|37,97||0|000|1152||37,97|17,00|6,45|0||0||||||||||||||||||||
|C170|9|330050||1,00000|UN|27,29||0|000|1152||27,29|17,00|4,64|0||0||||||||||||||||||||
|C190|000|1152|17,00|598,31|598,31|101,71|0|0|0|0||
|C100|0|1|800008026|01|00|1|0008942||16092011|16092011|1851,07|9|||1851,07|9||||1851,07|314,68||||||||
|C170|1|950390||1,00000|UN|471,11||0|000|1152||471,11|17,00|80,09|0||0||||||||||||||||||||
|C170|2|220393||1,00000|UN|1379,96||0|000|1152||1379,96|17,00|234,59|0||0||||||||||||||||||||
|C190|000|1152|17,00|1851,07|1851,07|314,68|0|0|0|0||
|C100|0|1|800008026|01|00|1|0008941||15092011|15092011|319,26|9|||319,26|9||||319,26|54,27||||||||
|C170|1|180550||1,00000|UN|319,26||0|000|1152||319,26|17,00|54,27|0||0||||||||||||||||||||
|C190|000|1152|17,00|319,26|319,26|54,27|0|0|0|0||
|C100|0|1|800008026|01|00|1|0008940||14092011|14092011|629,09|9|||629,09|9||||629,09|106,95||||||||
|C170|1|100210||1,00000|UN|232,48||0|000|1152||232,48|17,00|39,52|0||0||||||||||||||||||||
|C170|2|120030||1,00000|UN|60,50||0|000|1152||60,50|17,00|10,29|0||0||||||||||||||||||||
|C170|3|180273||1,00000|UN|191,34||0|000|1152||191,34|17,00|32,53|0||0||||||||||||||||||||
|C170|4|501110||1,00000|UN|144,77||0|000|1152||144,77|17,00|24,61|0||0||||||||||||||||||||
|C190|000|1152|17,00|629,09|629,09|106,95|0|0|0|0||
|C100|0|1|800008026|01|00|1|0008937||14092011|14092011|107,47|9|||107,47|9||||107,47|18,27||||||||
|C170|1|290033||1,00000|UN|107,47||0|000|1152||107,47|17,00|18,27|0||0||||||||||||||||||||
|C190|000|1152|17,00|107,47|107,47|18,27|0|0|0|0||
|C100|0|1|800008026|01|00|1|0008936||13092011|13092011|452,51|9|||452,51|9||||452,51|76,93||||||||
|C170|1|330240||1,00000|UN|43,17||0|000|1152||43,17|17,00|7,34|0||0||||||||||||||||||||
|C170|2|902511||1,00000|UN|38,22||0|000|1152||38,22|17,00|6,50|0||0||||||||||||||||||||
|C170|3|330010||1,00000|UN|67,53||0|000|1152||67,53|17,00|11,48|0||0||||||||||||||||||||
|C170|4|180270||1,00000|UN|154,03||0|000|1152||154,03|17,00|26,19|0||0||||||||||||||||||||
|C170|5|840970||1,00000|UN|29,01||0|000|1152||29,01|17,00|4,93|0||0||||||||||||||||||||
|C170|6|890550||1,00000|UN|120,55||0|000|1152||120,55|17,00|20,49|0||0||||||||||||||||||||
|C190|000|1152|17,00|452,51|452,51|76,93|0|0|0|0||
|C100|0|1|800008026|01|00|1|0008934||12092011|12092011|43,17|9|||43,17|9||||43,17|7,34||||||||
|C170|1|330240||1,00000|UN|43,17||0|000|1152||43,17|17,00|7,34|0||0||||||||||||||||||||
|C190|000|1152|17,00|43,17|43,17|7,34|0|0|0|0||
|C100|0|1|800008026|01|00|1|0008931||11092011|11092011|58,97|9|||58,97|9||||58,97|10,02||||||||
|C170|1|330250||1,00000|UN|58,97||0|000|1152||58,97|17,00|10,02|0||0||||||||||||||||||||
|C190|000|1152|17,00|58,97|58,97|10,02|0|0|0|0||
|C100|0|1|800008026|01|00|1|0008928||11092011|11092011|646,51|9|||646,51|9||||646,51|109,91||||||||
|C170|1|890550||1,00000|UN|120,55||0|000|1152||120,55|17,00|20,49|0||0||||||||||||||||||||
|C170|2|120130||1,00000|UN|30,38||0|000|1152||30,38|17,00|5,16|0||0||||||||||||||||||||
|C170|3|890360||1,00000|UN|70,72||0|000|1152||70,72|17,00|12,02|0||0||||||||||||||||||||
|C170|4|290340||1,00000|UN|30,30||0|000|1152||30,30|17,00|5,15|0||0||||||||||||||||||||
|C170|5|290053||1,00000|UN|118,54||0|000|1152||118,54|17,00|20,15|0||0||||||||||||||||||||
|C170|6|105401||1,00000|UN|19,15||0|000|1152||19,15|17,00|3,26|0||0||||||||||||||||||||
|C170|7|890081||1,00000|UN|36,68||0|000|1152||36,68|17,00|6,24|0||0||||||||||||||||||||
|C170|8|290270||1,00000|UN|26,52||0|000|1152||26,52|17,00|4,51|0||0||||||||||||||||||||
|C170|9|640570||1,00000|UN|18,55||0|000|1152||18,55|17,00|3,15|0||0||||||||||||||||||||
|C170|10|902511||1,00000|UN|38,22||0|000|1152||38,22|17,00|6,50|0||0||||||||||||||||||||
|C170|11|101200||1,00000|UN|38,42||0|000|1152||38,42|17,00|6,53|0||0||||||||||||||||||||
|C170|12|900034||1,00000|UN|24,72||0|000|1152||24,72|17,00|4,20|0||0||||||||||||||||||||
|C170|13|500082||1,00000|UN|22,67||0|000|1152||22,67|17,00|3,85|0||0||||||||||||||||||||
|C170|14|901290||1,00000|UN|18,54||0|000|1152||18,54|17,00|3,15|0||0||||||||||||||||||||
|C170|15|910782||1,00000|UN|32,55||0|000|1152||32,55|17,00|5,53|0||0||||||||||||||||||||
|C190|000|1152|17,00|646,51|646,51|109,91|0|0|0|0||
|C100|0|1|800008026|01|00|1|0008922||09092011|09092011|523,41|9|||523,41|9||||523,41|88,98||||||||
|C170|1|120030||1,00000|UN|60,50||0|000|1152||60,50|17,00|10,29|0||0||||||||||||||||||||
|C170|2|501110||1,00000|UN|144,77||0|000|1152||144,77|17,00|24,61|0||0||||||||||||||||||||
|C170|3|040550||1,00000|UN|95,01||0|000|1152||95,01|17,00|16,15|0||0||||||||||||||||||||
|C170|4|290280||1,00000|UN|70,03||0|000|1152||70,03|17,00|11,91|0||0||||||||||||||||||||
|C170|5|890550||1,00000|UN|120,55||0|000|1152||120,55|17,00|20,49|0||0||||||||||||||||||||
|C170|6|910782||1,00000|UN|32,55||0|000|1152||32,55|17,00|5,53|0||0||||||||||||||||||||
|C190|000|1152|17,00|523,41|523,41|88,98|0|0|0|0||
|C100|0|1|800008026|01|00|1|0008920||09092011|09092011|182,57|9|||182,57|9||||182,57|31,04||||||||
|C170|1|120170||1,00000|UN|182,57||0|000|1152||182,57|17,00|31,04|0||0||||||||||||||||||||
|C190|000|1152|17,00|182,57|182,57|31,04|0|0|0|0||
|C100|0|1|800008026|01|00|1|0008919||08092011|08092011|477,31|9|||477,31|9||||477,31|81,14||||||||
|C170|1|180273||1,00000|UN|191,34||0|000|1152||191,34|17,00|32,53|0||0||||||||||||||||||||
|C170|2|680930||1,00000|UN|58,06||0|000|1152||58,06|17,00|9,87|0||0||||||||||||||||||||
|C170|3|901130||1,00000|UN|39,98||0|000|1152||39,98|17,00|6,80|0||0||||||||||||||||||||
|C170|4|680280||1,00000|UN|21,94||0|000|1152||21,94|17,00|3,73|0||0||||||||||||||||||||
|C170|5|902511||1,00000|UN|38,22||0|000|1152||38,22|17,00|6,50|0||0||||||||||||||||||||
|C170|6|290220||1,00000|UN|48,59||0|000|1152||48,59|17,00|8,26|0||0||||||||||||||||||||
|C170|7|810571||1,00000|UN|44,25||0|000|1152||44,25|17,00|7,52|0||0||||||||||||||||||||
|C170|8|090240||1,00000|UN|34,93||0|000|1152||34,93|17,00|5,94|0||0||||||||||||||||||||
|C190|000|1152|17,00|477,31|477,31|81,14|0|0|0|0||
|C100|0|1|800008026|01|00|1|0008916||06092011|06092011|522,73|9|||522,73|9||||476,38|80,98||||||||
|C170|1|200380||1,00000|UN|299,85||0|000|1152||299,85|17,00|50,97|0||0||||||||||||||||||||
|C170|2|900023||1,00000|UN|14,19||0|000|1152||14,19|17,00|2,41|0||0||||||||||||||||||||
|C170|3|520560||2,00000|UN|42,38||0|000|1152||42,38|17,00|7,20|0||0||||||||||||||||||||
|C170|4|903410||1,00000|UN|20,72||0|000|1152||20,72|17,00|3,52|0||0||||||||||||||||||||
|C170|5|700350||7,00000|UN|72,38||0|000|1152||72,38|17,00|12,30|0||0||||||||||||||||||||
|C170|6|980190||2,00000|UN|34,86||0|041|1152|||||0||0||||||||||||||||||||
|C170|7|900130||2,00000|UN|26,86||0|000|1152||26,86|17,00|4,57|0||0||||||||||||||||||||
|C170|8|980020||1,00000|UN|11,49||0|041|1152|||||0||0||||||||||||||||||||
|C190|000|1152|17,00|476,38|476,38|80,98|0|0|0|0||
|C190|041|1152||46,35|0|0|0|0|0|0||
|C100|0|1|800008026|01|00|1|0008913||05092011|05092011|534,51|9|||534,51|9||||534,51|90,87||||||||
|C170|1|030910||1,00000|UN|534,51||0|000|1152||534,51|17,00|90,87|0||0||||||||||||||||||||
|C190|000|1152|17,00|534,51|534,51|90,87|0|0|0|0||
|C100|0|1|800008026|01|00|1|0008909||03092011|03092011|232,48|9|||232,48|9||||232,48|39,52||||||||
|C170|1|100210||1,00000|UN|232,48||0|000|1152||232,48|17,00|39,52|0||0||||||||||||||||||||
|C190|000|1152|17,00|232,48|232,48|39,52|0|0|0|0||
|C100|0|1|800008026|01|00|1|0008906||02092011|02092011|268,99|9|||268,99|9||||268,99|45,73||||||||
|C170|1|950360||1,00000|UN|268,99||0|000|1152||268,99|17,00|45,73|0||0||||||||||||||||||||
|C190|000|1152|17,00|268,99|268,99|45,73|0|0|0|0||
|C100|0|1|800006974|55|00|1|000214329|23110902948030000230550010002143291171300411|22092011|22092011|1627,70|9|||1565,10|9||||1565,10|266,07||||||||
|C170|1|100053||5,00000|UN|1565,10||0|000|1102||1565,10|17,00|266,07|0||0||||||||||||||||||||
|C190|000|1102|17,00|1627,70|1565,10|266,07|0|0|0|0||
|C100|0|1|800006974|55|00|1|000214330|23110902948030000230550010002143301970483402|22092011|22092011|1627,70|9|||1565,10|9||||1565,10|266,07||||||||
|C170|1|100053||1,00000|UN|1565,10||0|000|1102||1565,10|17,00|266,07|0||0||||||||||||||||||||
|C190|000|1102|17,00|1627,70|1565,10|266,07|0|0|0|0||
|C100|0|1|800008028|55|00|1|000409378|35110959105999000348550010004093781136593388|09092011|26092011|16408,39|1|||15777,30|1||||15777,30|1104,41||||||||
|C170|1|031160||15,00000|PC|15777,30||0|000|2102||15777,30|7,00|1104,41|0||0||||||||16408,39||||||16408,39||||||
|C190|000|2102|7,00|16408,39|15777,30|1104,41|0|0|0|0||
|C100|0|1|800006986|55|00|1|000634978|42110959105999003959550010006349781680049518|09092011|26092011|6887,12|1|||5988,80|1||||5988,80|419,22||||||||
|C170|1|030033||5,00000|PC|5988,80||0|000|2102||5988,80|7,00|419,22|0||0||||||||6887,12||||||6887,12||||||
|C190|000|2102|7,00|6887,12|5988,80|419,22|0|0|0|0||
|C100|0|1|800006986|55|00|1|000634980|42110959105999003959550010006349801412324473|09092011|26092011|1037,48|1|||902,16|1||||902,16|63,15||||||||
|C170|1|030940||1,00000|PC|902,16||0|000|2102||902,16|7,00|63,15|0||0||||||||1037,48||||||1037,48||||||
|C190|000|2102|7,00|1037,48|902,16|63,15|0|0|0|0||
|C100|0|1|800006986|55|00|1|000634981|42110959105999003959550010006349811849343662|09092011|26092011|2074,97|1|||1804,32|1||||1804,32|126,30||||||||
|C170|1|030940||2,00000|PC|1804,32||0|000|2102||1804,32|7,00|126,30|0||0||||||||2074,97||||||2074,97||||||
|C190|000|2102|7,00|2074,97|1804,32|126,30|0|0|0|0||
|C100|0|1|800006986|55|00|1|000634982|42110959105999003959550010006349821677351953|09092011|26092011|7525,77|1|||6544,15|1||||6544,15|458,09||||||||
|C170|1|030830||5,00000|PC|6544,15||0|000|2102||6544,15|7,00|458,09|0||0||||||||7525,77||||||7525,77||||||
|C190|000|2102|7,00|7525,77|6544,15|458,09|0|0|0|0||
|C100|0|1|800006986|55|00|1|000634983|42110959105999003959550010006349831463506546|09092011|20092011|1464,00|1|||1220,00|1||||1220,00|85,40||||||||
|C170|1|030283||5,00000|PC|1220,00||0|000|2102||1220,00|7,00|85,40|0||0||||||||1464,00||||||1464,00||||||
|C190|000|2102|7,00|1464,00|1220,00|85,40|0|0|0|0||
|C100|0|1|800008028|55|00|1|000406024|35110959105999000348550010004060241687841999|02092011|20092011|4212,00|1|||4050,00|1||||4050,00|283,50||||||||
|C170|1|040383||10,00000|PC|4050,00||0|000|2102||4050,00|7,00|283,50|0||0||||||||4212,00||||||4212,00||||||
|C190|000|2102|7,00|4212,00|4050,00|283,50|0|0|0|0||
|C100|0|1|800008028|55|00|1|000401359|35110859105999000348550010004013591802018345|26082011|17092011|63632,87|1|||59257,11|1||||59257,11|4148,00||||||||
|C170|1|030333||10,00000|PC|9416,30||0|000|2102||9416,30|7,00|659,14|0||0||||||||11299,56||||||11299,56||||||
|C170|2|030460||20,00000|PC|16116,00||0|000|2102||16116,00|7,00|1128,12|0||0||||||||16760,64||||||16760,64||||||
|C170|3|031150||5,00000|PC|5256,60||0|000|2102||5256,60|7,00|367,96|0||0||||||||5519,43||||||5519,43||||||
|C170|4|031180||3,00000|PC|5062,62||0|000|2102||5062,62|7,00|354,38|0||0||||||||5315,75||||||5315,75||||||
|C170|5|031030||7,00000|PC|5343,03||0|000|2102||5343,03|7,00|374,01|0||0||||||||5556,75||||||5556,75||||||
|C170|6|031073||4,00000|PC|3961,16||0|000|2102||3961,16|7,00|277,28|0||0||||||||4119,61||||||4119,61||||||
|C170|7|031170||5,00000|PC|5566,70||0|000|2102||5566,70|7,00|389,67|0||0||||||||5789,37||||||5789,37||||||
|C170|8|031200||3,00000|PC|5431,50||0|000|2102||5431,50|7,00|380,20|0||0||||||||5703,08||||||5703,08||||||
|C170|9|030523||20,00000|PC|3103,20||0|000|2102||3103,20|7,00|217,22|0||0||||||||3568,68||||||3568,68||||||
|C190|000|2102|7,00|63632,87|59257,11|4148,00|0|0|0|0||
|C100|0|1|800008028|55|00|1|000401360|35110859105999000348550010004013601636251899|26082011|17092011|24398,47|1|||21646,43|1||||21646,43|1515,25||||||||
|C170|1|030533||10,00000|PC|2599,70||0|000|2102||2599,70|7,00|181,98|0||0||||||||||||||||||||
|C170|2|030923||2,00000|PC|735,38||0|000|2102||735,38|7,00|51,48|0||0||||||||||||||||||||
|C170|3|030933||5,00000|PC|2035,50||0|000|2102||2035,50|7,00|142,49|0||0||||||||||||||||||||
|C170|4|030553||10,00000|PC|5324,70||0|000|2102||5324,70|7,00|372,73|0||0||||||||||||||||||||
|C170|5|030900||2,00000|PC|712,82||0|000|2102||712,82|7,00|49,90|0||0||||||||||||||||||||
|C170|6|030910||7,00000|PC|3786,65||0|000|2102||3786,65|7,00|265,07|0||0||||||||||||||||||||
|C170|7|031120||5,00000|PC|2289,20||0|000|2102||2289,20|7,00|160,24|0||0||||||||||||||||||||
|C170|8|031130||7,00000|PC|4162,48||0|000|2102||4162,48|7,00|291,37|0||0||||||||||||||||||||
|C190|000|2102|7,00|24398,47|21646,43|1515,25|0|0|0|0||
|C100|0|1|800007035|55|00|1|000073261|29110915205628000109550010000732611000732610|27092011|30092011|6738,80|1|||6738,80|1||||6738,80|808,66||||||||
|C170|1|890341||1,00000|UN|112,48||0|000|2102||112,48|12,00|13,50|0||0||||||||112,48||||||112,48||||||
|C170|2|890590||2,00000|UN|968,66||0|000|2102||968,66|12,00|116,24|0||0||||||||968,66||||||968,66||||||
|C170|3|890560||1,00000|UN|462,57||0|000|2102||462,57|12,00|55,51|0||0||||||||462,57||||||462,57||||||
|C170|4|890150||1,00000|UN|395,04||0|000|2102||395,04|12,00|47,40|0||0||||||||395,04||||||395,04||||||
|C170|5|890530||2,00000|UN|603,92||0|000|2102||603,92|12,00|72,47|0||0||||||||603,92||||||603,92||||||
|C170|6|890501||3,00000|UN|614,82||0|000|2102||614,82|12,00|73,78|0||0||||||||614,82||||||614,82||||||
|C170|7|890620||2,00000|UN|893,26||0|000|2102||893,26|12,00|107,19|0||0||||||||893,26||||||893,26||||||
|C170|8|890500||1,00000|UN|258,13||0|000|2102||258,13|12,00|30,98|0||0||||||||258,13||||||258,13||||||
|C170|9|890450||1,00000|UN|261,82||0|000|2102||261,82|12,00|31,42|0||0||||||||261,82||||||261,82||||||
|C170|10|890630||2,00000|UN|645,30||0|000|2102||645,30|12,00|77,44|0||0||||||||645,30||||||645,30||||||
|C170|11|890350||1,00000|UN|297,78||0|000|2102||297,78|12,00|35,73|0||0||||||||297,78||||||297,78||||||
|C170|12|890382||1,00000|UN|340,91||0|000|2102||340,91|12,00|40,91|0||0||||||||340,91||||||340,91||||||
|C170|13|890360||1,00000|UN|409,86||0|000|2102||409,86|12,00|49,18|0||0||||||||409,86||||||409,86||||||
|C170|14|890440||1,00000|UN|203,78||0|000|2102||203,78|12,00|24,45|0||0||||||||203,78||||||203,78||||||
|C170|15|890422||1,00000|UN|270,47||0|000|2102||270,47|12,00|32,46|0||0||||||||270,47||||||270,47||||||
|C190|000|2102|12,00|6738,80|6738,80|808,66|0|0|0|0||
|C100|0|1|800007042|55|00|2|000201210|42110982984287000104550020002012101005705510|08092011|23092011|1556,10|1|||1482,00|1||||1482,00|103,74||||||||
|C170|1|950470||3,00000|UN|1482,00||0|000|2102||1482,00|7,00|103,74|0||0||||||||1556,10||||||1556,10||||||
|C190|000|2102|7,00|1556,10|1482,00|103,74|0|0|0|0||
|C100|0|1|800007042|55|00|2|000200804|42110982984287000104550020002008041005698914|06092011|23092011|23451,57|1|||20818,00|1||||20818,00|1457,26||||||||
|C170|1|9982||10,00000|UN|2867,00||0|000|2102||2867,00|7,00|200,69|0||0||||||||3211,04||||||3211,04||||||
|C170|2|4513||20,00000|UN|1257,80||0|000|2102||1257,80|7,00|88,05|0||0||||||||1408,74||||||1408,74||||||
|C170|3|4665||12,00000|UN|558,00||0|000|2102||558,00|7,00|39,06|0||0||||||||624,96||||||624,96||||||
|C170|4|950360||10,00000|UN|2410,00||0|000|2102||2410,00|7,00|168,70|0||0||||||||2506,40||||||2506,40||||||
|C170|5|950460||5,00000|UN|2477,80||0|000|2102||2477,80|7,00|173,45|0||0||||||||2849,47||||||2849,47||||||
|C170|6|5456||5,00000|UN|3378,80||0|000|2102||3378,80|7,00|236,52|0||0||||||||3885,62||||||3885,62||||||
|C170|7|950330||5,00000|UN|5083,60||0|000|2102||5083,60|7,00|355,85|0||0||||||||5846,14||||||5846,14||||||
|C170|8|950440||5,00000|UN|2785,00||0|000|2102||2785,00|7,00|194,95|0||0||||||||3119,20||||||3119,20||||||
|C190|000|2102|7,00|23451,57|20818,00|1457,26|0|0|0|0||
|C100|0|1|800006991|55|00|1|000138884|13110963699839000180550010001388841257628681|01092011|23092011|5455,40|1|||5290,40|1|165,00|||5455,40|654,65||||||||
|C170|1|040470||20,00000|PC|5290,40||0|000|2102||5455,40|12,00|654,65|0||0||||||||5455,40||||||5455,40||||||
|C190|000|2102|12,00|5455,40|5455,40|654,65|0|0|0|0||
|C100|0|1|800006986|55|00|1|000634979|42110959105999003959550010006349791012368502|09092011|26092011|2367,85|1|||2059,00|1||||2059,00|144,13||||||||
|C170|1|030960||5,00000|PC|2059,00||0|000|2102||2059,00|7,00|144,13|0||0||||||||2367,85||||||2367,85||||||
|C190|000|2102|7,00|2367,85|2059,00|144,13|0|0|0|0||
|C100|0|1|800006986|55|00|1|000634984|42110959105999003959550010006349841453369900|09092011|26092011|4198,84|1|||3272,00|1||||3272,00|229,04||||||||
|C170|1|030800||3,00000|PC|2357,01||0|000|2102||2357,01|7,00|164,99|0||0||||||||3064,11||||||3064,11||||||
|C170|2|030800||1,00000|PC|549,97||0|000|2102||549,97|7,00|38,50|0||0||||||||714,96||||||714,96||||||
|C170|3|030951||1,00000|PC|365,02||0|000|2102||365,02|7,00|25,55|0||0||||||||419,77||||||419,77||||||
|C190|000|2102|7,00|4198,84|3272,00|229,04|0|0|0|0||
|C100|0|1|800006986|55|00|1|000634985|42110959105999003959550010006349851247585209|09092011|26092011|1799,00|1|||1564,35|1||||1564,35|109,50||||||||
|C170|1|030950||3,00000|PC|1564,35||0|000|2102||1564,35|7,00|109,50|0||0||||||||1799,00||||||1799,00||||||
|C190|000|2102|7,00|1799,00|1564,35|109,50|0|0|0|0||
|C100|0|1|800008028|55|00|1|000409379|35110959105999000348550010004093791871193528|09092011|26092011|4875,36|1|||4353,00|1||||4353,00|304,71||||||||
|C170|1|030680||6,00000|PC|4353,00||0|000|2102||4353,00|7,00|304,71|0||0||||||||4875,36||||||4875,36||||||
|C190|000|2102|7,00|4875,36|4353,00|304,71|0|0|0|0||
|C100|0|1|800008028|55|00|1|000409403|35110959105999000348550010004094031984970799|09092011|26092011|1583,80|1|||1522,88|1||||1522,88|106,60||||||||
|C170|1|030810||1,00000|PC|1522,88||0|000|2102||1522,88|7,00|106,60|0||0||||||||1583,80||||||1583,80||||||
|C190|000|2102|7,00|1583,80|1522,88|106,60|0|0|0|0||
|C100|0|1|800008028|55|00|1|000406022|35110959105999000348550010004060221318300666|02092011|20092011|9876,55|1|||9406,24|1||||9406,24|658,44||||||||
|C170|1|BF876CRRNA||8,00000|PC|9406,24||0|000|2102||9406,24|7,00|658,44|0||0||||||||9876,55||||||9876,55||||||
|C190|000|2102|7,00|9876,55|9406,24|658,44|0|0|0|0||
|C100|0|1|800008028|55|00|1|000406023|35110959105999000348550010004060231952938110|02092011|20092011|4509,21|1|||4026,08|1||||4026,08|281,83||||||||
|C170|1|030563||5,00000|PC|1692,80||0|000|2102||1692,80|7,00|118,50|0||0||||||||1895,94||||||1895,94||||||
|C170|2|030560||5,00000|PC|1838,85||0|000|2102||1838,85|7,00|128,72|0||0||||||||2059,51||||||2059,51||||||
|C170|3|030563||1,00000|PC|236,99||0|000|2102||236,99|7,00|16,59|0||0||||||||265,43||||||265,43||||||
|C170|4|030560||1,00000|PC|257,44||0|000|2102||257,44|7,00|18,02|0||0||||||||288,33||||||288,33||||||
|C190|000|2102|7,00|4509,21|4026,08|281,83|0|0|0|0||
|C100|0|1|6488|55|00|1|000001246|23110907343858000289550010000012461424806005|16092011|16092011|309,00|1|||309,00|9||||0|0||||||||
|C170|1|10000||1,00000|UN|309,00||0|090|1556|||||0||0||||||||||||||||||||
|C190|090|1556||309,00|0|0|0|0|0|0||
|C100|0|1|800007042|55|00|2|000199603|42110982984287000104550020001996031005686080|01092011|01092011|630,00|1|||630,00|9||||0|0||||||||
|C170|1|10000||1,00000|UN|630,00||0|090|2556|||||0||0||||||||||||||||||||
|C190|090|2556||630,00|0|0|0|0|0|0||
|C100|0|1|800007290|55|00|1|000000878|23110901598102000113550010000008781610105009|27092011|27092011|132,00|0|||132,00|1||||0|0||||||||
|C170|1|200360||1,00000|UN|132,00||0|090|1949|||||0||0||||||||||||||||||||
|C190|090|1949||132,00|0|0|0|0|0|0||
|C100|0|1|800012652|55|00|1|000000365|23110912248126000169550010000003651900034776|27092011|27092011|601,75|9|||601,75|1||||0|0||||||||
|C170|1|270020||1,00000|UN|601,75||0|090|1949|||||0||0||||||||||||||||||||
|C190|090|1949||601,75|0|0|0|0|0|0||
|C400|2D|ECF|GEXNJ20000|2|
|C405|01092011|1|1389|27636|11220193,87|1700|
|C420|01T1700|1700|1||
|C425|500780|1|UN|6|0,04|0,18|
|C425|901671|1|UN|39|0,25|1,17|
|C425|970250|1|UN|113|0,73|3,39|
|C425|812500|1|UN|49|0,32|1,47|
|C425|500120|1|UN|29|0,19|0,87|
|C425|150150|1|UN|119|0,77|3,57|
|C425|290280|1|UN|119|0,77|3,57|
|C425|840980|1|UN|65|0,42|1,95|
|C425|530461|1|UN|12|0,08|0,36|
|C425|220100|1|UN|749|4,87|22,47|
|C425|701100|1|UN|22|0,14|0,66|
|C425|502200|1|UN|55|0,36|1,65|
|C425|890360|1|UN|149|0,97|4,47|
|C425|840433|1|UN|65|0,42|1,95|
|C425|840432|1|UN|59|0,38|1,77|
|C425|810921|5|UN|50|0,33|1,5|
|C490|000|5102|17|1700|1700|289||
|C405|02092011|1|1390|27652|11228831,87|8638|
|C420|01T1700|8638|1||
|C425|850040|1|UN|29|0,19|0,87|
|C425|840980|1|UN|65|0,42|1,95|
|C425|890560|1|UN|199|1,29|5,97|
|C425|670890|1|UN|30|0,2|0,9|
|C425|030293|1|UN|1550|10,08|46,5|
|C425|902811|1|UN|15|0,1|0,45|
|C425|950360|1|UN|237|1,54|7,11|
|C425|850210|1|UN|32|0,21|0,96|
|C425|103030|2|UN|118|0,77|3,54|
|C425|900231|1|UN|65|0,42|1,95|
|C425|270010|1|UN|665|4,32|19,95|
|C425|900033|1|UN|126|0,82|3,78|
|C425|030143|1|UN|850|5,53|25,5|
|C425|180243|1|UN|532|3,46|15,96|
|C425|040223|1|UN|760|4,94|22,8|
|C425|040250|1|UN|899|5,84|26,97|
|C425|040550|1|UN|150|0,98|4,5|
|C425|070420|1|UN|299|1,94|8,97|
|C425|103110|1|UN|59|0,38|1,77|
|C425|950010|1|UN|128|0,83|3,84|
|C425|180270|1|UN|259|1,68|7,77|
|C425|180280|1|UN|89|0,58|2,67|
|C425|180770|1|UN|569|3,7|17,07|
|C425|180790|1|UN|854|5,55|25,62|
|C425|840432|1|UN|59|0,38|1,77|
|C490|000|5102|17|8638|8638|1468,46||
|C405|03092011|1|1391|27669|11233761,87|4930|
|C420|01T1700|4869|1||
|C425|903170|1|UN|6|0,04|0,18|
|C425|530600|1|UN|85|0,55|2,55|
|C425|890321|1|UN|113|0,73|3,39|
|C425|880140|1|UN|150|0,98|4,5|
|C425|970680|2|UN|56|0,36|1,68|
|C425|902401|1|UN|9|0,06|0,27|
|C425|520210|1|UN|178|1,16|5,34|
|C425|701590|1|UN|38|0,25|1,14|
|C425|220403|1|UN|1729|11,24|51,87|
|C425|500520|3|UN|24|0,16|0,72|
|C425|030363|1|UN|510|3,32|15,3|
|C425|810921|1|UN|10|0,07|0,3|
|C425|100040|1|UN|729|4,74|21,87|
|C425|100210|1|UN|379|2,46|11,37|
|C425|180270|1|UN|117|0,76|3,51|
|C425|070420|1|UN|299|1,94|8,97|
|C425|040123|1|UN|325|2,11|9,75|
|C425|813440|2|UN|28|0,18|0,84|
|C425|660261|1|UN|29|0,19|0,87|
|C425|840620|1|UN|55|0,36|1,65|
|C420|N1|61|||
|C425|980010|1|UN|23|0,15|0,69|
|C425|980190|1|UN|38|0,25|1,14|
|C490|000|5102|17|4869|4869|827,73||
|C490|041|5102|0|61|0|0||
|C405|05092011|1|1392|27693|11238883,88|4024|
|C420|01T1700|4024|1||
|C425|910010|1|UN|39|0,25|1,17|
|C425|600170|1|UN|21|0,14|0,63|
|C425|911040|1|UN|45|0,29|1,35|
|C425|103250|1|UN|29|0,19|0,87|
|C425|502090|1|UN|14|0,09|0,42|
|C425|502080|1|UN|22|0,14|0,66|
|C425|902401|1|UN|9|0,06|0,27|
|C425|040183|1|UN|899|5,84|26,97|
|C425|030630|1|UN|1699|11,04|50,97|
|C425|840990|1|UN|119|0,77|3,57|
|C425|501540|1|UN|32|0,21|0,96|
|C425|330050|1|UN|49|0,32|1,47|
|C425|180290|1|UN|119|0,77|3,57|
|C425|180190|1|UN|599|3,89|17,97|
|C425|040430|1|UN|329|2,14|9,87|
|C490|000|5102|17|4024|4024|684,08||
|C405|06092011|1|1393|27719|11251717,89|12655|
|C420|01T1700|12605|1||
|C425|661010|1|UN|29|0,19|0,87|
|C425|901100|1|UN|139|0,9|4,17|
|C425|101190|1|UN|16|0,1|0,48|
|C425|840620|1|UN|55|0,36|1,65|
|C425|531370|1|UN|55|0,36|1,65|
|C425|501940|1|UN|12|0,08|0,36|
|C425|950120|5|UN|245|1,59|7,35|
|C425|880100|1|UN|28|0,18|0,84|
|C425|970270|1|UN|139|0,9|4,17|
|C425|970600|1|UN|599|3,89|17,97|
|C425|810521|2|UN|78|0,51|2,34|
|C425|900062|1|UN|19|0,12|0,57|
|C425|900432|1|UN|12|0,08|0,36|
|C425|030103|1|UN|1250|8,13|37,5|
|C425|180750|2|UN|2999|19,49|89,97|
|C425|050610|1|UN|400|2,6|12|
|C425|100200|1|UN|399|2,59|11,97|
|C425|150040|1|UN|59|0,38|1,77|
|C425|180203|2|UN|778|5,05|23,34|
|C425|180243|1|UN|549|3,57|16,47|
|C425|030130|1|UN|2099|13,64|62,97|
|C425|180770|2|UN|2369|15,4|71,07|
|C425|290053|1|UN|188|1,22|5,64|
|C425|290260|1|UN|49|0,32|1,47|
|C425|501710|1|UN|18|0,12|0,54|
|C425|700543|1|UN|22|0,14|0,66|
|C420|N1|50|||
|C425|980310|2|UN|50|0,33|1,5|
|C490|000|5102|17|12605|12605|2142,85||
|C490|041|5102|0|50|0|0||
|C405|08092011|1|1394|27733|11258430,89|6713|
|C420|01T1700|6713|1||
|C425|040570|1|UN|199|1,29|5,97|
|C425|101410|1|UN|12|0,08|0,36|
|C425|680280|1|UN|45|0,29|1,35|
|C425|660510|1|UN|14|0,09|0,42|
|C425|850090|1|UN|33|0,21|0,99|
|C425|030123|1|UN|3199|20,79|95,97|
|C425|030133|1|UN|1799|11,69|53,97|
|C425|740120|1|UN|12|0,08|0,36|
|C425|330210|1|UN|69|0,45|2,07|
|C425|180320|1|UN|174|1,13|5,22|
|C425|100210|2|UN|758|4,92|22,74|
|C425|100200|1|UN|399|2,59|11,97|
|C490|000|5102|17|6713|6713|1141,21||
|C405|09092011|1|1395|27749|11265501,9|7071|
|C420|01T1700|7071|1||
|C425|910781|1|UN|69|0,45|2,07|
|C425|850280|1|UN|39|0,25|1,17|
|C425|813550|1|UN|39|0,25|1,17|
|C425|500380|1|UN|47|0,31|1,41|
|C425|220133|1|UN|1649|10,72|49,47|
|C425|910785|1|UN|69|0,45|2,07|
|C425|910782|1|UN|69|0,45|2,07|
|C425|040133|1|UN|749|4,87|22,47|
|C425|290060|1|UN|259|1,68|7,77|
|C425|220393|1|UN|2269|14,75|68,07|
|C425|103120|1|UN|10|0,07|0,3|
|C425|100030|1|UN|245|1,59|7,35|
|C425|040550|1|UN|159|1,03|4,77|
|C425|040280|1|UN|1399|9,09|41,97|
|C490|000|5102|17|7071|7071|1202,07||
|C405|10092011|1|1396|27775|11279703,9|13829|
|C420|01T1700|13801|1||
|C425|500580|1|UN|9|0,06|0,27|
|C425|330210|2|UN|138|0,9|4,14|
|C425|700590|1|UN|9|0,06|0,27|
|C425|813360|2|UN|18|0,12|0,54|
|C425|902511|1|UN|79|0,51|2,37|
|C425|500740|1|UN|25|0,16|0,75|
|C425|902050|1|UN|10|0,07|0,3|
|C425|910740|1|UN|85|0,55|2,55|
|C425|031260|1|UN|579|3,76|17,37|
|C425|290340|2|UN|118|0,76|3,54|
|C425|105400|1|UN|15|0,1|0,45|
|C425|050840|1|UN|599|3,89|17,97|
|C425|502300|1|UN|19|0,12|0,57|
|C425|500111|1|UN|35|0,23|1,05|
|C425|501770|1|UN|12|0,08|0,36|
|C425|501750|1|UN|39|0,25|1,17|
|C425|501791|2|UN|50|0,32|1,5|
|C425|270010|1|UN|679|4,41|20,37|
|C425|030363|1|UN|1066|6,93|31,98|
|C425|100030|1|UN|519|3,37|15,57|
|C425|030373|1|UN|1200|7,8|36|
|C425|030483|1|UN|1199|7,79|35,97|
|C425|030960|1|UN|799|5,19|23,97|
|C425|031170|1|UN|1849|12,02|55,47|
|C425|040250|1|UN|899|5,84|26,97|
|C425|040393|1|UN|999|6,49|29,97|
|C425|040550|1|UN|159|1,03|4,77|
|C425|090240|1|UN|59|0,38|1,77|
|C425|290220|2|UN|158|1,02|4,74|
|C425|100063|1|UN|139|0,9|4,17|
|C425|103110|1|UN|59|0,38|1,77|
|C425|180270|2|UN|518|3,36|15,54|
|C425|180273|1|UN|319|2,07|9,57|
|C425|180290|1|UN|119|0,77|3,57|
|C425|200480|1|UN|169|1,1|5,07|
|C425|250520|1|UN|999|6,49|29,97|
|C425|290190|1|UN|55|0,36|1,65|
|C420|N1|28|||
|C425|940440|2|UN|28|0,18|0,84|
|C490|000|5102|17|13801|13801|2346,17||
|C490|041|5102|0|28|0|0||
|C405|12092011|1|1397|27795|11288123,9|8420|
|C420|01T1700|8032|1||
|C425|290280|1|UN|119|0,77|3,57|
|C425|105090|1|UN|139|0,9|4,17|
|C425|102501|1|UN|109|0,71|3,27|
|C425|700322|1|UN|5|0,03|0,15|
|C425|911030|1|UN|49|0,32|1,47|
|C425|531540|1|UN|118|0,77|3,54|
|C425|902370|1|UN|49|0,32|1,47|
|C425|950090|7|UN|84|0,55|2,52|
|C425|760061|1|UN|118|0,77|3,54|
|C425|500300|1|UN|8|0,05|0,24|
|C425|030383|1|UN|1259|8,18|37,77|
|C425|180770|1|UN|1999|12,99|59,97|
|C425|100210|1|UN|379|2,46|11,37|
|C425|103110|3|UN|177|1,14|5,31|
|C425|180273|1|UN|319|2,07|9,57|
|C425|180760|2|UN|2798|18,19|83,94|
|C425|901930|1|UN|12|0,08|0,36|
|C425|180920|3|UN|207|1,35|6,21|
|C425|290190|1|UN|55|0,36|1,65|
|C425|840951|1|UN|29|0,19|0,87|
|C420|N1|388|||
|C425|180850|1|UN|99|0,64|2,97|
|C425|180810|1|UN|289|1,88|8,67|
|C490|000|5102|17|8032|8032|1365,44||
|C490|041|5102|0|388|0|0||
|C405|13092011|1|1398|27814|11293476,9|4384|
|C420|01T1700|4384|1||
|C425|880070|1|UN|119|0,77|3,57|
|C425|900750|1|UN|279|1,81|8,37|
|C425|950291|1|UN|12|0,08|0,36|
|C425|902580|1|UN|6|0,04|0,18|
|C425|811700|2|UN|26|0,16|0,78|
|C425|500380|1|UN|47|0,31|1,41|
|C425|050683|1|UN|839|5,45|25,17|
|C425|903500|2|UN|19|0,12|0,57|
|C425|050920|1|UN|969|6,3|29,07|
|C425|501370|1|UN|10|0,07|0,3|
|C425|660010|1|UN|199|1,29|5,97|
|C425|100160|1|UN|469|3,05|14,07|
|C425|330210|1|UN|69|0,45|2,07|
|C425|180270|2|UN|518|3,36|15,54|
|C425|180320|1|UN|45|0,29|1,35|
|C425|290060|1|UN|259|1,68|7,77|
|C425|290200|1|UN|119|0,77|3,57|
|C425|330030|1|UN|129|0,84|3,87|
|C425|570070|1|UN|12|0,08|0,36|
|C425|900031|1|UN|79|0,51|2,37|
|C425|902511|1|UN|79|0,51|2,37|
|C425|501540|1|UN|32|0,21|0,96|
|C425|950120|1|UN|49|0,32|1,47|
|C490|000|5102|17|4384|4384|745,28||
|C405|14092011|1|1399|27834|11298369,91|4893|
|C420|01T1700|4893|1||
|C425|501110|1|UN|289|1,88|8,67|
|C425|610010|1|UN|45|0,29|1,35|
|C425|900751|1|UN|55|0,36|1,65|
|C425|901542|1|UN|18|0,12|0,54|
|C425|811770|1|UN|49|0,32|1,47|
|C425|902390|1|UN|45|0,29|1,35|
|C425|850060|1|UN|99|0,64|2,97|
|C425|901830|1|UN|49|0,32|1,47|
|C425|330240|1|UN|79|0,51|2,37|
|C425|030383|1|UN|665|4,32|19,95|
|C425|200520|1|UN|179|1,16|5,37|
|C425|950010|1|UN|129|0,84|3,87|
|C425|500561|1|UN|19|0,12|0,57|
|C425|330210|1|UN|69|0,45|2,07|
|C425|180203|1|UN|399|2,59|11,97|
|C425|103110|1|UN|58|0,38|1,74|
|C425|100200|2|UN|798|5,18|23,94|
|C425|031170|1|UN|1849|12,02|55,47|
|C490|000|5102|17|4893|4893|831,81||
|C405|15092011|1|1400|27846|11302344,92|3975|
|C420|01T1700|3975|1||
|C425|812040|3|UN|57|0,37|1,71|
|C425|840631|1|UN|25|0,16|0,75|
|C425|901542|1|UN|19|0,12|0,57|
|C425|650290|2|UN|36|0,23|1,08|
|C425|901861|1|UN|49|0,32|1,47|
|C425|900360|1|UN|17|0,11|0,51|
|C425|901511|1|UN|65|0,42|1,95|
|C425|030383|1|UN|630|4,1|18,9|
|C425|890240|1|UN|159|1,03|4,77|
|C425|031260|1|UN|579|3,76|17,37|
|C425|030403|1|UN|1120|7,28|33,6|
|C425|950390|1|UN|850|5,53|25,5|
|C425|813360|1|UN|9|0,06|0,27|
|C425|100210|1|UN|360|2,34|10,8|
|C490|000|5102|17|3975|3975|675,75||
|C405|16092011|1|1401|27873|11312612,93|10268|
|C420|01T1700|9915|1||
|C425|040233|1|UN|2499|16,24|74,97|
|C425|500320|1|UN|12|0,08|0,36|
|C425|810890|1|UN|7|0,05|0,21|
|C425|150420|1|UN|99|0,64|2,97|
|C425|701490|2|UN|110|0,72|3,3|
|C425|700180|2|UN|24|0,16|0,72|
|C425|501600|1|UN|12|0,08|0,36|
|C425|760056|1|UN|29|0,19|0,87|
|C425|760055|1|UN|15|0,1|0,45|
|C425|220403|1|UN|1799|11,69|53,97|
|C425|120030|2|UN|193|1,25|5,79|
|C425|811140|1|UN|15|0,1|0,45|
|C425|501770|1|UN|12|0,08|0,36|
|C425|550220|1|UN|18|0,12|0,54|
|C425|812770|1|UN|17|0,11|0,51|
|C425|520742|1|UN|79|0,51|2,37|
|C425|102081|1|UN|99|0,64|2,97|
|C425|950061|1|UN|79|0,51|2,37|
|C425|580440|1|UN|19|0,12|0,57|
|C425|901510|1|UN|7|0,05|0,21|
|C425|531900|1|UN|7|0,05|0,21|
|C425|531210|1|UN|12|0,08|0,36|
|C425|290350|1|UN|149|0,97|4,47|
|C425|700322|1|UN|5|0,03|0,15|
|C425|901701|1|UN|31|0,2|0,93|
|C425|030553|1|UN|980|6,37|29,4|
|C425|330250|1|UN|99|0,64|2,97|
|C425|901930|2|UN|24|0,16|0,72|
|C425|813370|1|UN|16|0,1|0,48|
|C425|810860|1|UN|11|0,07|0,33|
|C425|501760|1|UN|25|0,16|0,75|
|C425|501620|1|UN|6|0,04|0,18|
|C425|950370|1|UN|1699|11,04|50,97|
|C425|290340|1|UN|59|0,38|1,77|
|C425|290290|1|UN|100|0,65|3|
|C425|120080|1|UN|132|0,86|3,96|
|C425|103110|1|UN|59|0,38|1,77|
|C425|100210|1|UN|379|2,46|11,37|
|C425|100200|1|UN|379|2,46|11,37|
|C425|902580|6|UN|36|0,23|1,08|
|C425|500810|1|UN|10|0,07|0,3|
|C425|811130|1|UN|14|0,09|0,42|
|C425|660870|1|UN|12|0,08|0,36|
|C425|500614|1|UN|14|0,09|0,42|
|C425|101361|1|UN|25|0,16|0,75|
|C425|100220|1|UN|389|2,53|11,67|
|C425|105400|1|UN|15|0,1|0,45|
|C425|710170|1|UN|29|0,19|0,87|
|C425|500820|1|UN|7|0,05|0,21|
|C425|101440|4|UN|48|0,31|1,44|
|C420|N1|353|||
|C425|980020|1|UN|25|0,16|0,75|
|C425|180810|1|UN|289|1,88|8,67|
|C425|980170|1|UN|39|0,25|1,17|
|C490|000|5102|17|9915|9915|1685,55||
|C490|041|5102|0|353|0|0||
|C405|17092011|1|1402|27898|11323664,93|11052|
|C420|01T1700|11052|1||
|C425|950090|1|UN|12|0,08|0,36|
|C425|500300|1|UN|8|0,05|0,24|
|C425|500310|1|UN|10|0,07|0,3|
|C425|810391|1|UN|19|0,12|0,57|
|C425|813350|1|UN|19|0,12|0,57|
|C425|903070|1|UN|15|0,1|0,45|
|C425|111090|1|UN|13|0,08|0,39|
|C425|220233|1|UN|1699|11,04|50,97|
|C425|902590|3|UN|30|0,2|0,9|
|C425|040453|1|UN|292|1,9|8,76|
|C425|902580|1|UN|6|0,04|0,18|
|C425|903190|1|UN|9|0,06|0,27|
|C425|180550|1|UN|242|1,57|7,26|
|C425|903380|1|UN|75|0,49|2,25|
|C425|650380|1|UN|9|0,06|0,27|
|C425|103121|2|UN|10|0,07|0,3|
|C425|901671|1|UN|33|0,21|0,99|
|C425|901672|1|UN|43|0,28|1,29|
|C425|532350|1|UN|19|0,12|0,57|
|C425|810393|1|UN|219|1,42|6,57|
|C425|030333|1|UN|850|5,53|25,5|
|C425|180770|1|UN|517|3,36|15,51|
|C425|030473|1|UN|1050|6,83|31,5|
|C425|030830|1|UN|1215|7,9|36,45|
|C425|030850|1|UN|1185|7,7|35,55|
|C425|100030|1|UN|234|1,52|7,02|
|C425|100200|1|UN|399|2,59|11,97|
|C425|103110|3|UN|177|1,15|5,31|
|C425|103220|2|UN|20|0,14|0,6|
|C425|180270|2|UN|518|3,36|15,54|
|C425|812040|2|UN|38|0,24|1,14|
|C425|650200|1|UN|39|0,25|1,17|
|C425|950010|1|UN|128|0,83|3,84|
|C425|950390|1|UN|899|5,84|26,97|
|C425|040123|1|UN|749|4,87|22,47|
|C425|700820|1|UN|85|0,55|2,55|
|C425|702160|1|UN|16|0,1|0,48|
|C425|650390|1|UN|10|0,07|0,3|
|C425|104090|2|UN|130|0,85|3,9|
|C425|950291|1|UN|11|0,07|0,33|
|C490|000|5102|17|11052|11052|1878,84||
|C405|19092011|1|1403|27913|11330066,94|6402|
|C420|01T1700|6402|1||
|C425|180203|1|UN|386|2,51|11,58|
|C425|903150|1|UN|49|0,32|1,47|
|C425|501720|2|UN|58|0,38|1,74|
|C425|330210|1|UN|69|0,45|2,07|
|C425|180770|1|UN|1134|7,37|34,02|
|C425|030103|1|UN|1215|7,9|36,45|
|C425|100160|1|UN|469|3,05|14,07|
|C425|040550|1|UN|159|1,03|4,77|
|C425|040133|1|UN|765|4,97|22,95|
|C425|031130|1|UN|1299|8,44|38,97|
|C425|030960|1|UN|799|5,19|23,97|
|C490|000|5102|17|6402|6402|1088,34||
|C405|20092011|1|1404|27931|11338195,94|8129|
|C420|01T1700|8129|1||
|C425|902580|4|UN|24|0,16|0,72|
|C425|500553|1|UN|12|0,08|0,36|
|C425|812590|1|UN|69|0,45|2,07|
|C425|950131|1|UN|14|0,09|0,42|
|C425|500690|1|UN|39|0,25|1,17|
|C425|180550|1|UN|251|1,63|7,53|
|C425|902590|1|UN|9|0,06|0,27|
|C425|330020|2|UN|152|0,99|4,56|
|C425|120040|1|UN|32|0,21|0,96|
|C425|120030|1|UN|94|0,61|2,82|
|C425|030130|1|UN|978|6,36|29,34|
|C425|160170|1|UN|89|0,58|2,67|
|C425|501720|2|UN|58|0,38|1,74|
|C425|290340|1|UN|27|0,18|0,81|
|C425|180790|1|UN|1749|11,37|52,47|
|C425|100200|3|UN|1197|7,77|35,91|
|C425|100063|1|UN|309|2,01|9,27|
|C425|040423|1|UN|358|2,33|10,74|
|C425|031240|1|UN|269|1,75|8,07|
|C425|030353|1|UN|2399|15,59|71,97|
|C490|000|5102|17|8129|8129|1381,93||
|C405|21092011|1|1405|27944|11339537,94|1342|
|C420|01T1700|1328|1||
|C425|810292|1|UN|10|0,07|0,3|
|C425|901671|2|UN|70|0,46|2,1|
|C425|902401|1|UN|10|0,07|0,3|
|C425|902270|1|UN|119|0,77|3,57|
|C425|950300|1|UN|89|0,58|2,67|
|C425|903170|2|UN|12|0,08|0,36|
|C425|100210|1|UN|379|2,46|11,37|
|C425|502050|1|UN|19|0,12|0,57|
|C425|810921|1|UN|10|0,07|0,3|
|C425|501550|1|UN|3|0,02|0,09|
|C425|180280|1|UN|89|0,58|2,67|
|C425|180270|2|UN|518|3,36|15,54|
|C420|N1|14|||
|C425|940370|1|UN|14|0,09|0,42|
|C490|000|5102|17|1328|1328|225,76||
|C490|041|5102|0|14|0|0||
|C405|22092011|1|1406|27956|11344606,94|5069|
|C420|01T1700|5069|1||
|C425|902740|1|UN|16|0,1|0,48|
|C425|700322|1|UN|5|0,03|0,15|
|C425|900455|1|UN|35|0,23|1,05|
|C425|501790|1|UN|29|0,19|0,87|
|C425|500310|1|UN|10|0,07|0,3|
|C425|040470|1|UN|409|2,66|12,27|
|C425|902250|1|UN|129|0,84|3,87|
|C425|120070|1|UN|139|0,9|4,17|
|C425|120130|1|UN|49|0,32|1,47|
|C425|030443|1|UN|1229|7,99|36,87|
|C425|290300|1|UN|129|0,84|3,87|
|C425|290053|1|UN|199|1,29|5,97|
|C425|200480|1|UN|169|1,1|5,07|
|C425|180290|1|UN|118|0,77|3,54|
|C425|120090|1|UN|69|0,45|2,07|
|C425|090260|1|UN|278|1,81|8,34|
|C425|040250|1|UN|899|5,84|26,97|
|C425|040223|1|UN|760|4,94|22,8|
|C425|031093|1|UN|398|2,59|11,94|
|C490|000|5102|17|5069|5069|861,73||
|C405|23092011|1|1407|27976|11351373,94|3268|
|C420|01T1700|3268|1||
|C425|501110|1|UN|274|1,78|8,22|
|C425|103121|1|UN|5|0,03|0,15|
|C425|104140|1|UN|28|0,18|0,84|
|C425|840860|2|UN|236|1,54|7,08|
|C425|950260|1|UN|12|0,08|0,36|
|C425|813290|2|UN|378|2,46|11,34|
|C425|104130|1|UN|24|0,16|0,72|
|C425|950270|1|UN|118|0,77|3,54|
|C425|701690|1|UN|10|0,07|0,3|
|C425|521150|1|UN|12|0,08|0,36|
|C425|040290|1|UN|495|3,22|14,85|
|C425|900750|1|UN|269|1,75|8,07|
|C425|200360|1|UN|208|1,35|6,24|
|C425|810421|1|UN|5|0,03|0,15|
|C425|902710|1|UN|29|0,19|0,87|
|C425|180380|1|UN|499|3,24|14,97|
|C425|902511|1|UN|79|0,51|2,37|
|C425|500040|1|UN|35|0,23|1,05|
|C425|290290|1|UN|94|0,61|2,82|
|C425|103110|1|UN|59|0,38|1,77|
|C425|100200|1|UN|399|2,59|11,97|
|C490|000|5102|17|3268|3268|555,56||
|C405|24092011|1|1408|27998|11362004,95|10631|
|C420|01T1700|10631|1||
|C425|813510|1|UN|49|0,32|1,47|
|C425|761280|1|UN|29|0,19|0,87|
|C425|880210|1|UN|99|0,64|2,97|
|C425|900600|1|UN|49|0,32|1,47|
|C425|501790|1|UN|29|0,19|0,87|
|C425|120120|1|UN|278|1,81|8,34|
|C425|890090|1|UN|219|1,42|6,57|
|C425|902590|4|UN|40|0,27|1,2|
|C425|890410|1|UN|129|0,84|3,87|
|C425|970300|1|UN|85|0,55|2,55|
|C425|650710|1|UN|10|0,07|0,3|
|C425|970280|1|UN|139|0,9|4,17|
|C425|970560|1|UN|45|0,29|1,35|
|C425|700322|1|UN|5|0,03|0,15|
|C425|841080|1|UN|45|0,29|1,35|
|C425|841081|1|UN|65|0,42|1,95|
|C425|841082|1|UN|109|0,71|3,27|
|C425|500890|1|UN|49|0,32|1,47|
|C425|030543|1|UN|749|4,87|22,47|
|C425|330090|1|UN|119|0,77|3,57|
|C425|031093|1|UN|398|2,59|11,94|
|C425|040280|1|UN|1399|9,09|41,97|
|C425|100200|1|UN|399|2,59|11,97|
|C425|100210|1|UN|379|2,46|11,37|
|C425|180290|1|UN|118|0,77|3,54|
|C425|180320|1|UN|45|0,29|1,35|
|C425|180580|1|UN|338|2,2|10,14|
|C425|220370|1|UN|1799|11,69|53,97|
|C425|900431|1|UN|22|0,14|0,66|
|C425|330130|1|UN|219|1,42|6,57|
|C425|650300|1|UN|4|0,03|0,12|
|C425|910782|1|UN|69|0,45|2,07|
|C425|180380|1|UN|499|3,24|14,97|
|C425|531170|1|UN|15|0,1|0,45|
|C425|680020|1|UN|39|0,25|1,17|
|C425|031020|1|UN|1549|10,07|46,47|
|C425|031120|1|UN|999|6,49|29,97|
|C490|000|5102|17|10631|10631|1807,27||
|C405|26092011|1|1409|28027|11371516,95|9512|
|C420|01T1700|9512|1||
|C425|330240|1|UN|75|0,49|2,25|
|C425|290270|1|UN|99|0,64|2,97|
|C425|880030|1|UN|69|0,45|2,07|
|C425|160170|1|UN|193|1,25|5,79|
|C425|701190|1|UN|7|0,05|0,21|
|C425|950063|1|UN|15|0,1|0,45|
|C425|890500|1|UN|99|0,64|2,97|
|C425|290280|1|UN|119|0,77|3,57|
|C425|903080|1|UN|139|0,9|4,17|
|C425|120130|1|UN|49|0,32|1,47|
|C425|811700|1|UN|13|0,08|0,39|
|C425|700180|1|UN|12|0,08|0,36|
|C425|040453|1|UN|659|4,28|19,77|
|C425|950151|1|UN|78|0,51|2,34|
|C425|670540|1|UN|35|0,23|1,05|
|C425|700751|1|UN|9|0,06|0,27|
|C425|950062|1|UN|10|0,07|0,3|
|C425|920400|1|UN|57|0,37|1,71|
|C425|950064|1|UN|17|0,11|0,51|
|C425|030053|1|UN|1999|12,99|59,97|
|C425|150040|1|UN|59|0,38|1,77|
|C425|030333|1|UN|1829|11,89|54,87|
|C425|040340|1|UN|1500|9,75|45|
|C425|040550|1|UN|159|1,03|4,77|
|C425|100160|1|UN|450|2,93|13,5|
|C425|100200|1|UN|379|2,46|11,37|
|C425|100210|1|UN|368|2,39|11,04|
|C425|103110|1|UN|59|0,38|1,77|
|C425|103120|2|UN|20|0,13|0,6|
|C425|702160|1|UN|17|0,11|0,51|
|C425|180280|1|UN|90|0,59|2,7|
|C425|180920|2|UN|138|0,9|4,14|
|C425|290060|1|UN|259|1,68|7,77|
|C425|701810|1|UN|16|0,1|0,48|
|C425|813360|1|UN|9|0,06|0,27|
|C425|903081|1|UN|269|1,75|8,07|
|C425|200520|1|UN|83|0,54|2,49|
|C425|502200|1|UN|55|0,36|1,65|
|C490|000|5102|17|9512|9512|1617,04||
|C405|27092011|1|1410|28140|11403720,96|32204|
|C420|01T1700|32204|1||
|C425|900121|1|UN|23|0,15|0,69|
|C425|680281|1|UN|35|0,23|1,05|
|C425|900331|1|UN|55|0,36|1,65|
|C425|901130|1|UN|85|0,55|2,55|
|C425|950300|1|UN|89|0,58|2,67|
|C425|160200|1|UN|189|1,23|5,67|
|C425|700570|1|UN|7|0,05|0,21|
|C425|810730|1|UN|49|0,32|1,47|
|C425|820750|1|UN|69|0,45|2,07|
|C425|120030|2|UN|198|1,28|5,94|
|C425|150310|2|UN|188|1,22|5,64|
|C425|330240|2|UN|168|1,09|5,04|
|C425|120070|1|UN|139|0,9|4,17|
|C425|290270|1|UN|99|0,64|2,97|
|C425|330030|4|UN|516|3,36|15,48|
|C425|813400|1|UN|279|1,81|8,37|
|C425|890550|2|UN|398|2,58|11,94|
|C425|101520|1|UN|69|0,45|2,07|
|C425|031030|1|UN|1299|8,44|38,97|
|C425|680940|1|UN|55|0,36|1,65|
|C425|040470|1|UN|399|2,59|11,97|
|C425|760520|1|UN|65|0,42|1,95|
|C425|760540|1|UN|12|0,08|0,36|
|C425|120130|1|UN|49|0,32|1,47|
|C425|900740|1|UN|149|0,97|4,47|
|C425|520570|1|UN|49|0,32|1,47|
|C425|911040|1|UN|45|0,29|1,35|
|C425|810080|1|UN|49|0,32|1,47|
|C425|290350|1|UN|159|1,03|4,77|
|C425|970370|1|UN|45|0,29|1,35|
|C425|810523|1|UN|89|0,58|2,67|
|C425|900456|1|UN|35|0,23|1,05|
|C425|901411|1|UN|99|0,64|2,97|
|C425|270010|1|UN|579|3,76|17,37|
|C425|105300|1|UN|60|0,39|1,8|
|C425|760055|1|UN|15|0,1|0,45|
|C425|950141|1|UN|189|1,23|5,67|
|C425|811700|1|UN|13|0,08|0,39|
|C425|051220|1|UN|949|6,17|28,47|
|C425|902650|1|UN|99|0,64|2,97|
|C425|680500|1|UN|55|0,36|1,65|
|C425|900130|2|UN|54|0,35|1,62|
|C425|150420|1|UN|99|0,64|2,97|
|C425|901410|1|UN|99|0,64|2,97|
|C425|660520|1|UN|25|0,16|0,75|
|C425|502360|1|UN|55|0,36|1,65|
|C425|890250|1|UN|59|0,38|1,77|
|C425|030013|1|UN|1999|12,99|59,97|
|C425|180770|1|UN|1149|7,47|34,47|
|C425|180270|3|UN|768|4,99|23,04|
|C425|180273|3|UN|928|6,03|27,84|
|C425|180280|1|UN|100|0,65|3|
|C425|180290|2|UN|248|1,61|7,44|
|C425|180243|2|UN|1098|7,14|32,94|
|C425|180790|2|UN|3448|22,41|103,44|
|C425|180940|2|UN|400|2,6|12|
|C425|200510|2|UN|1138|7,39|34,14|
|C425|290060|4|UN|1063|6,9|31,89|
|C425|290190|1|UN|55|0,36|1,65|
|C425|290220|3|UN|257|1,67|7,71|
|C425|040550|2|UN|318|2,06|9,54|
|C425|030353|1|UN|2399|15,59|71,97|
|C425|030383|1|UN|663|4,31|19,89|
|C425|030900|1|UN|649|4,22|19,47|
|C425|031093|1|UN|399|2,59|11,97|
|C425|180190|1|UN|599|3,89|17,97|
|C425|090240|5|UN|335|2,18|10,05|
|C425|100210|2|UN|758|4,92|22,74|
|C425|120020|2|UN|208|1,35|6,24|
|C425|120090|2|UN|139|0,91|4,17|
|C425|150070|1|UN|69|0,45|2,07|
|C425|101540|1|UN|29|0,19|0,87|
|C425|910782|3|UN|217|1,41|6,51|
|C425|890370|1|UN|349|2,27|10,47|
|C425|902511|1|UN|79|0,51|2,37|
|C425|902930|1|UN|16|0,1|0,48|
|C425|910781|1|UN|69|0,45|2,07|
|C425|890360|1|UN|149|0,97|4,47|
|C425|910785|1|UN|69|0,45|2,07|
|C425|200520|2|UN|358|2,32|10,74|
|C425|950120|1|UN|50|0,33|1,5|
|C425|030093|1|UN|2199|14,29|65,97|
|C425|031260|1|UN|579|3,76|17,37|
|C425|290250|1|UN|119|0,77|3,57|
|C425|880360|1|UN|44|0,29|1,32|
|C425|840970|1|UN|59|0,38|1,77|
|C425|840951|1|UN|29|0,19|0,87|
|C425|840890|1|UN|39|0,25|1,17|
|C425|500040|1|UN|35|0,23|1,05|
|C425|330090|2|UN|234|1,52|7,02|
|C425|330050|3|UN|167|1,08|5,01|
|C425|330010|1|UN|119|0,77|3,57|
|C425|290340|2|UN|138|0,9|4,14|
|C425|290300|2|UN|268|1,74|8,04|
|C490|000|5102|17|32204|32204|5474,68||
|C405|28092011|1|1411|28200|11418653,97|14933|
|C420|01T1700|14933|1||
|C425|901130|1|UN|85|0,55|2,55|
|C425|901800|1|UN|39|0,25|1,17|
|C425|330240|1|UN|79|0,51|2,37|
|C425|050543|1|UN|459|2,98|13,77|
|C425|840990|1|UN|125|0,81|3,75|
|C425|903080|1|UN|139|0,9|4,17|
|C425|902430|2|UN|558|3,62|16,74|
|C425|660480|1|UN|25|0,16|0,75|
|C425|502202|1|UN|75|0,49|2,25|
|C425|290280|1|UN|120|0,78|3,6|
|C425|030870|1|UN|4499|29,24|134,97|
|C425|901891|1|UN|15|0,1|0,45|
|C425|890500|2|UN|198|1,28|5,94|
|C425|812040|1|UN|19|0,12|0,57|
|C425|901541|1|UN|59|0,38|1,77|
|C425|500440|1|UN|79|0,51|2,37|
|C425|780130|2|UN|38|0,25|1,14|
|C425|900740|1|UN|149|0,97|4,47|
|C425|105200|1|UN|129|0,84|3,87|
|C425|901672|1|UN|45|0,29|1,35|
|C425|220423|1|UN|895|5,82|26,85|
|C425|200390|1|UN|499|3,24|14,97|
|C425|910810|1|UN|399|2,59|11,97|
|C425|950020|1|UN|14|0,09|0,42|
|C425|761390|1|UN|169|1,1|5,07|
|C425|900890|1|UN|38|0,25|1,14|
|C425|700830|1|UN|25|0,16|0,75|
|C425|031240|1|UN|269|1,75|8,07|
|C425|180270|1|UN|259|1,68|7,77|
|C425|290340|2|UN|138|0,9|4,14|
|C425|290300|1|UN|129|0,84|3,87|
|C425|290220|1|UN|79|0,51|2,37|
|C425|290190|1|UN|55|0,36|1,65|
|C425|290060|2|UN|505|3,28|15,15|
|C425|330010|1|UN|119|0,77|3,57|
|C425|120090|2|UN|138|0,9|4,14|
|C425|100210|1|UN|379|2,46|11,37|
|C425|100200|1|UN|387|2,52|11,61|
|C425|090240|2|UN|128|0,83|3,84|
|C425|040550|1|UN|159|1,03|4,77|
|C425|040213|1|UN|1399|9,09|41,97|
|C425|680940|2|UN|105|0,69|3,15|
|C425|500050|1|UN|49|0,32|1,47|
|C425|903570|1|UN|69|0,45|2,07|
|C425|902610|1|UN|399|2,59|11,97|
|C425|900431|1|UN|29|0,19|0,87|
|C425|890550|2|UN|428|2,78|12,84|
|C425|660470|1|UN|22|0,14|0,66|
|C425|330050|2|UN|98|0,64|2,94|
|C425|330030|1|UN|139|0,9|4,17|
|C425|200520|1|UN|179|1,16|5,37|
|C425|910785|1|UN|69|0,45|2,07|
|C425|880160|3|UN|72|0,47|2,16|
|C425|840970|1|UN|59|0,38|1,77|
|C425|330250|1|UN|100|0,65|3|
|C490|000|5102|17|14933|14933|2538,61||
|C405|29092011|1|1412|28212|11423593,97|4940|
|C420|01T1700|4940|1||
|C425|031260|1|UN|275|1,79|8,25|
|C425|660640|1|UN|53|0,34|1,59|
|C425|500613|1|UN|14|0,09|0,42|
|C425|902870|1|UN|67|0,44|2,01|
|C425|501330|1|UN|199|1,29|5,97|
|C425|050620|1|UN|1199|7,79|35,97|
|C425|880070|1|UN|119|0,77|3,57|
|C425|811700|2|UN|26|0,17|0,78|
|C425|950300|1|UN|89|0,58|2,67|
|C425|040183|1|UN|900|5,85|27|
|C425|880250|2|UN|358|2,33|10,74|
|C425|880270|2|UN|158|1,03|4,74|
|C425|700543|1|UN|21|0,14|0,63|
|C425|500611|1|UN|7|0,05|0,21|
|C425|330130|1|UN|212|1,38|6,36|
|C425|290260|1|UN|47|0,31|1,41|
|C425|180760|1|UN|665|4,32|19,95|
|C425|120080|1|UN|132|0,86|3,96|
|C425|100200|1|UN|399|2,59|11,97|
|C490|000|5102|17|4940|4940|839,8||
|C405|30092011|1|1413|28233|11439590,97|15997|
|C420|01T1700|15997|1||
|C425|051210|1|UN|671|4,36|20,13|
|C425|950440|1|UN|1199|7,79|35,97|
|C425|050840|1|UN|297|1,93|8,91|
|C425|701010|1|UN|39|0,25|1,17|
|C425|900122|1|UN|25|0,16|0,75|
|C425|810382|1|UN|49|0,32|1,47|
|C425|220013|1|UN|364|2,37|10,92|
|C425|050993|1|UN|2648|17,21|79,44|
|C425|500690|2|UN|78|0,51|2,34|
|C425|521080|1|UN|109|0,71|3,27|
|C425|900191|1|UN|15|0,1|0,45|
|C425|030353|1|UN|2399|15,59|71,97|
|C425|100200|1|UN|180|1,17|5,4|
|C425|030483|1|UN|1199|7,79|35,97|
|C425|040103|1|UN|1399|9,09|41,97|
|C425|040550|1|UN|159|1,03|4,77|
|C425|090240|1|UN|59|0,38|1,77|
|C425|650200|1|UN|39|0,25|1,17|
|C425|180770|1|UN|1149|7,47|34,47|
|C425|180790|1|UN|1749|11,37|52,47|
|C425|200050|1|UN|1999|12,99|59,97|
|C425|290190|1|UN|53|0,34|1,59|
|C425|290200|1|UN|119|0,77|3,57|
|C490|000|5102|17|15997|15997|2719,49||
|C400|2D|ECF|BE0106SC56001133153|4|
|C405|02092011|1|1078|13601|10764104,68|3488|
|C420|01T1700|3488|1||
|C425|030383|1|UN|1399|9,09|41,97|
|C425|040250|2|UN|1700|11,05|51|
|C425|100220|1|UN|389|2,53|11,67|
|C490|000|5102|17|3488|3488|592,96||
|C405|03092011|1|1079|30606|10768703,68|4599|
|C420|01T1700|4599|1||
|C425|180750|1|UN|2000|13|60|
|C425|050990|1|UN|2599|16,89|77,97|
|C490|000|5102|17|4599|4599|781,83||
|C405|05092011|1|1080|13622|10782610,68|13907|
|C420|01T1700|13907|1||
|C425|120080|1|UN|139|0,9|4,17|
|C425|030630|1|UN|1630|10,6|48,9|
|C425|031150|1|UN|1769|11,5|53,07|
|C425|031120|1|UN|950|6,18|28,5|
|C425|180420|1|UN|799|5,19|23,97|
|C425|180273|2|UN|628|4,08|18,84|
|C425|030443|1|UN|1229|7,99|36,87|
|C425|100063|1|UN|309|2,01|9,27|
|C425|040423|2|UN|1538|10|46,14|
|C425|040103|1|UN|1399|9,09|41,97|
|C425|030970|1|UN|1569|10,2|47,07|
|C425|030910|1|UN|999|6,49|29,97|
|C425|030450|1|UN|949|6,17|28,47|
|C490|000|5102|17|13907|13907|2364,19||
|C405|06092011|1|1081|13638|10788054,68|5444|
|C420|01T1700|5444|1||
|C425|502201|1|UN|65|0,42|1,95|
|C425|840411|1|UN|29|0,19|0,87|
|C425|050600|1|UN|679|4,41|20,37|
|C425|700330|1|UN|59|0,38|1,77|
|C425|840980|1|UN|65|0,42|1,95|
|C425|040123|1|UN|749|4,87|22,47|
|C425|910781|1|UN|69|0,45|2,07|
|C425|030970|1|UN|1490|9,69|44,7|
|C425|330250|1|UN|109|0,71|3,27|
|C425|290190|1|UN|55|0,36|1,65|
|C425|180420|1|UN|799|5,19|23,97|
|C425|180270|1|UN|259|1,68|7,77|
|C425|180203|1|UN|399|2,59|11,97|
|C425|100063|2|UN|618|4,02|18,54|
|C490|000|5102|17|5444|5444|925,48||
|C405|08092011|1|1082|13647|10788722,68|668|
|C420|01T1700|668|1||
|C425|150070|1|UN|59|0,38|1,77|
|C425|180273|1|UN|319|2,07|9,57|
|C425|120130|1|UN|49|0,32|1,47|
|C425|840620|1|UN|55|0,36|1,65|
|C425|900220|1|UN|98|0,64|2,94|
|C425|901542|1|UN|19|0,12|0,57|
|C425|890081|1|UN|69|0,45|2,07|
|C490|000|5102|17|668|668|113,56||
|C405|09092011|1|1083|13654|10791917,18|3195|
|C420|01T1700|3195|1||
|C425|040053|1|UN|1200|7,8|36|
|C425|100210|2|UN|717|4,67|21,51|
|C425|031190|1|UN|999|6,49|29,97|
|C425|160110|1|UN|279|1,81|8,37|
|C490|000|5102|17|3195|3195|543,15||
|C405|10092011|1|1084|13658|10793146,68|1229|
|C420|01T1700|1229|1||
|C425|030443|1|UN|1229|7,99|36,87|
|C490|000|5102|17|1229|1229|208,93||
|C405|12092011|1|1085|13669|10806490,68|13344|
|C420|01T1700|13344|1||
|C425|040213|3|UN|4669|30,35|140,07|
|C425|040413|1|UN|429|2,79|12,87|
|C425|031140|1|UN|850|5,53|25,5|
|C425|030023|4|UN|7396|48,07|221,88|
|C490|000|5102|17|13344|13344|2268,48||
|C405|13092011|1|1086|13673|10807889,68|1399|
|C420|01T1700|1399|1||
|C425|040103|1|UN|1399|9,09|41,97|
|C490|000|5102|17|1399|1399|237,83||
|C405|14092011|1|1087|13681|10817625,68|9736|
|C420|01T1700|9736|1||
|C425|100063|1|UN|309|2,01|9,27|
|C425|100210|1|UN|178|1,16|5,34|
|C425|120090|1|UN|69|0,45|2,07|
|C425|180203|1|UN|188|1,22|5,64|
|C425|220393|1|UN|2200|14,3|66|
|C425|030123|1|UN|3199|20,79|95,97|
|C425|031150|1|UN|834|5,42|25,02|
|C425|050970|1|UN|1340|8,71|40,2|
|C425|051210|1|UN|1419|9,22|42,57|
|C490|000|5102|17|9736|9736|1655,12||
|C405|15092011|1|1088|13687|10819914,68|2289|
|C420|01T1700|2289|1||
|C425|030393|1|UN|1500|9,75|45|
|C425|040133|1|UN|789|5,13|23,67|
|C490|000|5102|17|2289|2289|389,13||
|C405|16092011|1|1089|13695|10828082,68|8168|
|C420|01T1700|8168|1||
|C425|031283|1|UN|2099|13,64|62,97|
|C425|040423|1|UN|769|5|23,07|
|C425|220393|1|UN|2269|14,75|68,07|
|C425|290060|1|UN|299|1,94|8,97|
|C425|290210|1|UN|347|2,26|10,41|
|C425|290340|1|UN|59|0,38|1,77|
|C425|330150|1|UN|399|2,59|11,97|
|C425|031190|1|UN|999|6,49|29,97|
|C425|120120|1|UN|279|1,81|8,37|
|C425|040453|1|UN|649|4,22|19,47|
|C490|000|5102|17|8168|8168|1388,56||
|C405|17092011|1|1090|13700|10829479,68|1397|
|C420|01T1700|1397|1||
|C425|100200|1|UN|379|2,46|11,37|
|C425|290250|1|UN|119|0,77|3,57|
|C425|051260|1|UN|899|5,84|26,97|
|C490|000|5102|17|1397|1397|237,49||
|C405|19092011|1|1091|13711|10841833,68|12354|
|C420|01T1700|12354|1||
|C425|030333|1|UN|1802|11,71|54,06|
|C425|030363|1|UN|1099|7,14|32,97|
|C425|040393|1|UN|969|6,3|29,07|
|C425|040440|1|UN|429|2,79|12,87|
|C425|180243|1|UN|530|3,45|15,9|
|C425|030033|1|UN|2399|15,59|71,97|
|C425|031020|1|UN|1549|10,07|46,47|
|C425|502202|1|UN|79|0,51|2,37|
|C425|220403|2|UN|3498|22,73|104,94|
|C490|000|5102|17|12354|12354|2100,18||
|C405|20092011|1|1092|13717|10844260,68|2427|
|C420|01T1700|2427|1||
|C425|040393|1|UN|999|6,49|29,97|
|C425|040440|1|UN|429|2,79|12,87|
|C425|031190|1|UN|999|6,49|29,97|
|C490|000|5102|17|2427|2427|412,59||
|C405|21092011|1|1093|13723|10850415,68|6155|
|C420|01T1700|6155|1||
|C425|030523|1|UN|339|2,2|10,17|
|C425|180270|1|UN|249|1,62|7,47|
|C425|040570|1|UN|210|1,37|6,3|
|C425|030113|1|UN|2799|18,19|83,97|
|C425|031190|1|UN|959|6,23|28,77|
|C425|030293|1|UN|1599|10,39|47,97|
|C490|000|5102|17|6155|6155|1046,35||
|C405|22092011|1|1094|13729|10856482,68|6067|
|C420|01T1700|6067|1||
|C425|290300|1|UN|139|0,9|4,17|
|C425|890550|1|UN|199|1,29|5,97|
|C425|330030|1|UN|139|0,9|4,17|
|C425|290270|1|UN|80|0,52|2,4|
|C425|031150|1|UN|1769|11,5|53,07|
|C425|910785|1|UN|69|0,45|2,07|
|C425|330010|1|UN|119|0,77|3,57|
|C425|030483|1|UN|1903|12,37|57,09|
|C425|290060|2|UN|509|3,31|15,27|
|C425|180270|1|UN|259|1,68|7,77|
|C425|180260|1|UN|299|1,94|8,97|
|C425|150070|1|UN|55|0,36|1,65|
|C425|100160|1|UN|469|3,05|14,07|
|C425|090240|1|UN|59|0,38|1,77|
|C490|000|5102|17|6067|6067|1031,39||
|C405|24092011|1|1096|13751|10873367,68|9509|
|C420|01T1700|9509|1||
|C425|501740|1|UN|56|0,36|1,68|
|C425|700892|1|UN|151|0,98|4,53|
|C425|901290|1|UN|37|0,24|1,11|
|C425|900351|1|UN|56|0,36|1,68|
|C425|040453|1|UN|639|4,15|19,17|
|C425|901310|1|UN|37|0,24|1,11|
|C425|901300|1|UN|37|0,24|1,11|
|C425|880190|1|UN|47|0,31|1,41|
|C425|030143|1|UN|855|5,56|25,65|
|C425|840771|1|UN|47|0,31|1,41|
|C425|880210|1|UN|94|0,61|2,82|
|C425|902250|1|UN|122|0,79|3,66|
|C425|880090|1|UN|47|0,31|1,41|
|C425|890360|1|UN|141|0,92|4,23|
|C425|810831|1|UN|32|0,21|0,96|
|C425|040133|8|UN|6312|41,03|189,36|
|C425|030433|1|UN|799|5,19|23,97|
|C490|000|5102|17|9509|9509|1616,53||
|C405|26092011|1|1097|13764|10889106,68|15739|
|C420|01T1700|15739|1||
|C425|290053|1|UN|189|1,23|5,67|
|C425|220133|1|UN|1599|10,39|47,97|
|C425|030403|1|UN|1179|7,66|35,37|
|C425|030300|1|UN|2799|18,19|83,97|
|C425|950490|1|UN|529|3,44|15,87|
|C425|030143|1|UN|1899|12,34|56,97|
|C425|220353|1|UN|2849|18,52|85,47|
|C425|120080|1|UN|139|0,9|4,17|
|C425|100160|1|UN|469|3,05|14,07|
|C425|030970|1|UN|1569|10,2|47,07|
|C425|030830|1|UN|2519|16,37|75,57|
|C490|000|5102|17|15739|15739|2675,63||
|C405|27092011|1|1098|13815|10942450,69|53344|
|C420|01T1700|53269|1||
|C425|031260|1|UN|258|1,68|7,74|
|C425|160170|1|UN|190|1,24|5,7|
|C425|102801|1|UN|122|0,79|3,66|
|C425|950470|4|UN|1592|10,35|47,76|
|C425|950400|1|UN|399|2,59|11,97|
|C425|890550|1|UN|199|1,29|5,97|
|C425|330030|2|UN|261|1,69|7,83|
|C425|030680|3|UN|1766|11,48|52,98|
|C425|031190|1|UN|999|6,49|29,97|
|C425|031160|1|UN|1769|11,5|53,07|
|C425|031120|1|UN|949|6,17|28,47|
|C425|030123|1|UN|1405|9,13|42,15|
|C425|030093|1|UN|2199|14,29|65,97|
|C425|500082|1|UN|49|0,32|1,47|
|C425|040123|1|UN|335|2,18|10,05|
|C425|890370|1|UN|328|2,13|9,84|
|C425|901410|1|UN|119|0,77|3,57|
|C425|030810|1|UN|1100|7,15|33|
|C425|105300|1|UN|60|0,39|1,8|
|C425|030820|1|UN|1144|7,44|34,32|
|C425|030800|2|UN|1583|10,29|47,49|
|C425|220590|1|UN|999|6,49|29,97|
|C425|910810|1|UN|399|2,59|11,97|
|C425|031030|1|UN|1231|8|36,93|
|C425|050993|1|UN|2463|16,01|73,89|
|C425|330240|3|UN|247|1,6|7,41|
|C425|220403|1|UN|1799|11,69|53,97|
|C425|520440|1|UN|71|0,46|2,13|
|C425|290280|3|UN|351|2,27|10,53|
|C425|220650|1|UN|1693|11|50,79|
|C425|680940|1|UN|55|0,36|1,65|
|C425|030030|1|UN|1294|8,41|38,82|
|C425|030850|1|UN|1187|7,72|35,61|
|C425|120020|1|UN|94|0,61|2,82|
|C425|100210|3|UN|504|3,28|15,12|
|C425|040520|1|UN|1059|6,88|31,77|
|C425|040423|1|UN|749|4,87|22,47|
|C425|030951|1|UN|440|2,86|13,2|
|C425|030900|1|UN|649|4,22|19,47|
|C425|120090|1|UN|69|0,45|2,07|
|C425|030830|3|UN|3539|23,01|106,17|
|C425|030770|1|UN|580|3,77|17,4|
|C425|030760|3|UN|2372|15,42|71,16|
|C425|030523|1|UN|339|2,2|10,17|
|C425|030450|1|UN|949|6,17|28,47|
|C425|030130|2|UN|4098|26,63|122,94|
|C425|030100|1|UN|3015|19,6|90,45|
|C425|890360|1|UN|149|0,97|4,47|
|C425|290190|1|UN|69|0,45|2,07|
|C425|330090|2|UN|232|1,5|6,96|
|C425|330050|2|UN|118|0,76|3,54|
|C425|290340|1|UN|69|0,45|2,07|
|C425|290300|1|UN|122|0,79|3,66|
|C425|290220|1|UN|89|0,58|2,67|
|C425|290200|1|UN|119|0,77|3,57|
|C425|330250|1|UN|99|0,64|2,97|
|C425|180190|1|UN|599|3,89|17,97|
|C425|290060|1|UN|299|1,94|8,97|
|C425|290053|1|UN|199|1,29|5,97|
|C425|290033|1|UN|179|1,16|5,37|
|C425|250520|2|UN|908|5,9|27,24|
|C425|180790|1|UN|1749|11,37|52,47|
|C425|180770|1|UN|1199|7,79|35,97|
|C420|N1|75|||
|C425|710270|1|UN|75|0,49|2,25|
|C490|000|5102|17|53269|53269|9055,73||
|C490|041|5102|0|75|0|0||
|C405|28092011|1|1099|13829|10953465,69|11015|
|C420|01T1700|11015|1||
|C425|100210|2|UN|758|4,92|22,74|
|C425|050683|1|UN|839|5,45|25,17|
|C425|040143|1|UN|880|5,72|26,4|
|C425|890550|1|UN|199|1,29|5,97|
|C425|040413|1|UN|429|2,79|12,87|
|C425|290033|1|UN|179|1,16|5,37|
|C425|180273|1|UN|319|2,07|9,57|
|C425|180270|1|UN|259|1,68|7,77|
|C425|030103|1|UN|2699|17,54|80,97|
|C425|100200|1|UN|380|2,47|11,4|
|C425|100063|1|UN|309|2,01|9,27|
|C425|090240|1|UN|69|0,45|2,07|
|C425|040550|1|UN|159|1,03|4,77|
|C425|040173|1|UN|1049|6,82|31,47|
|C425|040053|1|UN|1239|8,05|37,17|
|C425|030373|1|UN|1249|8,12|37,47|
|C490|000|5102|17|11015|11015|1872,55||
|C405|29092011|1|1110|13836|10965980,69|12515|
|C420|01T1700|12515|1||
|C425|030030|1|UN|2899|18,84|86,97|
|C425|030283|1|UN|599|3,89|17,97|
|C425|030460|1|UN|1429|9,29|42,87|
|C425|031260|1|UN|579|3,76|17,37|
|C425|031273|1|UN|1930|12,55|57,9|
|C425|180910|1|UN|5079|33,01|152,37|
|C490|000|5102|17|12515|12515|2127,55||
|C405|30092011|1|1101|13840|10967618,69|1638|
|C420|01T1700|1638|1||
|C425|040440|1|UN|439|2,85|13,17|
|C425|050620|1|UN|1199|7,79|35,97|
|C490|000|5102|17|1638|1638|278,46||
|C405|23092011|1|1095|13745|10863858,68|7356|
|C420|01T1700|7356|1||
|C425|070410|1|UN|7356|47,81|220,68|
|C490|000|5102|17|7356|7356|1250,52||
|C990|2040|
|D001|0|
|D100|0|1|800007034|08|00|U||020045||09092011|23092011|||1114,74||2|1114,74|1114,74|42,58||||
|D190|000|2353|3,82|1114,74|1114,74|42,58|0||
|D100|0|1|800007034|08|00|U||019874||06092011|23092011|||460,49||2|460,49|460,49|17,59||||
|D190|000|2353|3,82|460,49|460,49|17,59|0||
|D100|0|1|800006976|08|00|U||023623||20092011|30092011|||88,18||2|88,18|88,18|6,17||||
|D190|000|2353|7,00|88,18|88,18|6,17|0||
|D100|0|1|28|08|00|U||056423||16092011|23092011|||298,99||2|298,99|298,99|20,93||||
|D190|000|2353|7,00|298,99|298,99|20,93|0||
|D100|0|1|800007034|08|00|U||019871||06092011|20092011|||194,67||2|194,67|194,67|7,44||||
|D190|000|2353|3,82|194,67|194,67|7,44|0||
|D100|0|1|800007034|08|00|U||020097||08092011|23092011|||153,85||2|153,85|153,85|5,88||||
|D190|000|2353|3,82|153,85|153,85|5,88|0||
|D100|0|1|800006985|08|00|UC||813521||26082011|17092011|||258,05||2|258,05|258,05|18,06||||
|D190|000|2353|7,00|258,05|258,05|18,06|0||
|D100|0|1|800006985|08|00|UC||813522||26082011|17092011|||56,50||2|56,50|56,50|3,95||||
|D190|000|2353|6,99|56,50|56,50|3,95|0||
|D100|0|1|800006989|08|00|U||821814||02092011|20092011|||810,53||2|810,53|810,53|56,74||||
|D190|000|2353|7,00|810,53|810,53|56,74|0||
|D100|0|1|800006985|08|00|UE||813521||26082011|17092011|||235,83||2|235,83|235,83|16,51||||
|D190|000|2353|7,00|235,83|235,83|16,51|0||
|D100|0|1|800006985|08|00|UE||813522||26082011|17092011|||22,60||2|22,60|22,60|1,58||||
|D190|000|2353|6,99|22,60|22,60|1,58|0||
|D100|0|1|800006985|08|00|UD||813521||26082011|17092011|||154,83||2|154,83|154,83|10,83||||
|D190|000|2353|6,99|154,83|154,83|10,83|0||
|D100|0|1|800006985|08|00|UD||813522||26082011|17092011|||113,00||2|113,00|113,00|7,91||||
|D190|000|2353|7,00|113,00|113,00|7,91|0||
|D100|0|1|800006985|08|00|UB||813521||26082011|17092011|||1032,20||2|1032,20|1032,20|72,25||||
|D190|000|2353|7,00|1032,20|1032,20|72,25|0||
|D100|0|1|800006985|08|00|UB||813522||26082011|17092011|||14,70||2|14,70|14,70|1,02||||
|D190|000|2353|6,94|14,70|14,70|1,02|0||
|D100|0|1|800006985|08|00|UA||813522||26082011|17092011|||113,00||2|113,00|113,00|7,91||||
|D190|000|2353|7,00|113,00|113,00|7,91|0||
|D100|0|1|800006985|08|00|UA8||813521||26082011|17092011|||616,20||2|616,20|616,20|43,13||||
|D190|000|2353|7,00|616,20|616,20|43,13|0||
|D100|0|1|800006985|08|00|UI||634985||09092011|26092011|||80,10||2|80,10|80,10|5,60||||
|D190|000|2353|6,99|80,10|80,10|5,60|0||
|D100|0|1|800006985|08|00|UI||813521||26082011|17092011|||147,00||2|147,00|147,00|10,29||||
|D190|000|2353|7,00|147,00|147,00|10,29|0||
|D100|0|1|800006985|08|00|UH||812522||26082011|17092011|||235,83||2|235,83|235,83|16,51||||
|D190|000|2353|7,00|235,83|235,83|16,51|0||
|D100|0|1|800006985|08|00|UH||813521||26082011|17092011|||154,83||2|154,83|154,83|10,83||||
|D190|000|2353|6,99|154,83|154,83|10,83|0||
|D100|0|1|800006985|08|00|UG||813521||26082011|17092011|||258,05||2|258,05|258,05|18,06||||
|D190|000|2353|7,00|258,05|258,05|18,06|0||
|D100|0|1|800006985|08|00|UG||813522||26082011|17092011|||168,45||2|168,45|168,45|11,79||||
|D190|000|2353|7,00|168,45|168,45|11,79|0||
|D100|0|1|800006987|08|00|U||100031||09092011|26092011|||1848,47||2|1848,47|1848,47|129,39||||
|D190|000|2353|7,00|1848,47|1848,47|129,39|0||
|D100|0|1|800006985|08|00|UF||812522||26082011|17092011|||79,10||2|79,10|79,10|5,53||||
|D190|000|2353|6,99|79,10|79,10|5,53|0||
|D100|0|1|800006985|08|00|UF||813521||26082011|17092011|||206,44||2|206,44|206,44|14,45||||
|D190|000|2353|7,00|206,44|206,44|14,45|0||
|D100|0|1|800006989|08|00|U||818584||02092011|20092011|||1154,02||2|1154,02|1154,02|80,78||||
|D190|000|2353|7,00|1154,02|1154,02|80,78|0||
|D100|0|1|100004485|57|00|0||000105094||02092011|23092011|0||2018,46||1|2018,46|0|0|2018,46|||
|D190|000|2353||2018,46|0|0|0||
|D990|58|
|E001|0|
|E100|01092011|30092011|
|E110|89709,77|0|0|0|35724,33|0|11008,08|0|5177,43|37799,93|0|37799,93|0|0|
|E111|CE020002|Crédito Antecipado|11008,08|
|E116|000|37799,93|20102011|1015|||||092011|
|E990|6|
|G001|1|
|G990|2|
|H001|1|
|H990|2|
|1001|0|
|1700|03|01|||119772|119786|201003857|
|1700|03|01|||119788|119802|201003857|
|1700|03|01|||119804|119804|201003857|
|1700|03|01|||119806|119806|201003857|
|1700|03|01|||119808|119808|201003857|
|1700|03|01|||119810|119816|201003857|
|1700|03|01|||119818|119819|201003857|
|1700|03|01|||119821|119824|201003857|
|1700|03|01|||119827|119847|201003857|
|1700|03|01|||119849|119875|201003857|
|1990|12|
|9001|0|
|9900|0000|1|
|9900|0001|1|
|9900|0005|1|
|9900|0100|1|
|9900|0150|51|
|9900|0190|3|
|9900|0200|659|
|9900|0220|47|
|9900|0500|1|
|9900|0990|1|
|9900|C001|1|
|9900|C100|183|
|9900|C170|597|
|9900|C190|184|
|9900|C400|2|
|9900|C405|49|
|9900|C420|56|
|9900|C425|911|
|9900|C490|56|
|9900|C990|1|
|9900|D001|1|
|9900|D100|28|
|9900|D190|28|
|9900|D990|1|
|9900|E001|1|
|9900|E100|1|
|9900|E110|1|
|9900|E111|1|
|9900|E116|1|
|9900|E990|1|
|9900|G001|1|
|9900|G990|1|
|9900|H001|1|
|9900|H990|1|
|9900|1001|1|
|9900|1700|10|
|9900|1990|1|
|9900|9001|1|
|9900|9900|41|
|9900|9990|1|
|9900|9999|1|
|9990|44|
|9999|2930|
