|0000|004|1|01102011|31102011|LOJAS CARROSSEL COMERCIO E REPRESENTACOES LTDA|23455967000163||CE|060730463|2304400|||B|1|
|0001|0|
|0005|LOJAS CARROSSEL|60125160|RUA VISCONDE DE MAUA|2085||ALDEOTA|8532614533||lojascarrossel@hotmail.com|
|0100|JOSE ADRIANO PONTES FEITOSA|26472830363|CE011117O6||60025100|RUA MAJOR FACUNDO|844|SALAS 42 E 44|CENTRO|8532532340||adrianofeitosa44@yahoo.com.br|2304400|
|0150|41|FUJITA ENGENHARIA LTDA|1058|72570740000174||069144869|2304400||AV.DESEMBARGADOR MOREIRA|2120||ALDEOTA|
|0150|3154|CRASA C.ROLIN AUTOMOVEIS LTDA|1058|07196900000103|||2304400||Av Duque de Caxias|2265||Centro|
|0150|5323|DIAS E ROMA LTDA|1058|12255543000139||060327979|2304400||Av Godofredo Maciel|6060||Parangaba|
|0150|6488|AUTO PECAS CAMPINA GRANDE LTDA|1058|07343858000289||069603170|2304400||AV. VISCONDE DO RIO BRANCO||6213 TERREO|AEROLANDIA|
|0150|7798|IND.METALURGICA DE CARLITO PAMPLONA|1058|07945637000108||061614483|2304400||Ru Francisco CalaÃ§a|1045||Cristo Redentor|
|0150|11514|TERRA LUZ VEICULOS E PECAS LTDA|1058|02336498000193|||2304400||Av Washington Soares|2891||Edson Queiroz|
|0150|99900447|BRASPRESS - BRASIL TRANSPORTES INTERMODAL LTDA|1058|48740351005396||116065622119|3550308||R.GALATEA 1400 VILA GUILHERME||||
|0150|99901097|VIA LACTA COM.E REP.LTDA|1058|00187154000134||069279098|2304400||Av das Castanholeiras|410||Cidade 2000|
|0150|100003631|FUJISAN CENTRO DE HEMOT HEMAT DO CEARA|1058|07871676000108|||2304400||Barao de Studart|2626||Joaquim Tavora|
|0150|100004613|DISTRIB.DE ALIMENTOS FARTURA S/A|1058|03720882001200||065640802|2304400||Av Oliveira Paiva|170||Cidade dos Funcionários|
|0150|800006974|ESMALTEC S A|1058|02948030000230||063050536|2307650||AVENIDA PARQUE OESTE|2130||DISTRITO INDUSTRIAL|
|0150|800006976|CONEXAO TRANSPORTES DIST E LOG LTDA|1058|63318604000281|||3518800||R Rua Paschoal Ricci|30||Jardim Presidente Dutra|
|0150|800006977|LOJAS CARROSSEL COMERCIO E REPRESENTACOES LTDA|1058|23455967000163|||2304400||RUA VISCONDE DE MAUA,2085 ALDEOTA|||ALDOTA|
|0150|800006986|WHIRPOOL S.A|1058|59105999003959||250050889|4209102||DONA FRANCISCA|7200||INDUSTRIAL|
|0150|800006987|MLOG ARMAZEM GERAL LTDA-JLLE|1058|05117268000806||255247770|4209102||DONA FRANCISCA 7200||||
|0150|800006989|MLOG ARMAZEM GERAL LTDA-RC|1058|05117268000555||587274102112|3543907||AV. 80-A 77||||
|0150|800006990|PANASONIC DO BRASIL LIMITADA|1058|04403408000165||062001167|1302603||Rua Matrinxa|1155||D.INDUSTRIAL|
|0150|800006991|WHIRLPOOL ELETROMESTICOS AM S.A|1058|63699839000180||062001256|1302603||Av Torquato Tapajós|7500||Colônia Terra Nova|
|0150|800006994|ZAIRTON GASPAR DE OLIVEIRA FILHO|1058||12211680372||2304400||R R.BARBOSA DE FREITAS 171 APTO 500|||MEIRELES|
|0150|800007004|JOSE WALTER DOS SANTOS SALES|1058||11233237713||2304400||R Professor Dias da Rocha|1811||Dionisio Torres|
|0150|800007047|M. SHOP COMERCIAL LTDA|1058|01490698000800||116003947116|3550308||RUA LAGUNA||365|JD CARAVELAS|
|0150|800007074|SOYOS DIST.DE ART.VID.CRIST. S/A|1058|03449322000100||305075828113|3515707||R Prefeito Takume Koike|152||Núcleo Itaim|
|0150|800007080|EDFORT COML.IMPORT.EXP.LTDA|1058|01468951000152||115031859112|3550308||R RUA SERGIPE,|475|||
|0150|800007154|VEGA S/A TRANSPORTES URBANO|1058|04683393000217|||2304400||Av Filomeno Gomes|664||Jacarecanga|
|0150|800007179|MARQUISE SUL EMPREEND IMOBILIARIOS LTDA|1058|08626548000153||062099663|2304400||Av Pontes Vieira|1838|SALA 03|DIONIZIO TORRES|
|0150|800007182|UTC INTERNATIONAL LOGISTICS LTDA|1058|02612230000307|||2304400||Av Desembargador Moreira|2120||Aldeota|
|0150|800007196|MRV MAGIS VII INCORPORA?OES SPE LTD|1058|12509877000191|||2307650||R Antônio Alencar|||Centro|
|0150|800007219|CARLOS RODRIGUES ALENCAR LIMA|1058||05225507387||2304400||R Argemiro Valente|44|BL-A|Aldeota|
|0150|800007221|ALISSA RAYANE LIMA MENDES FALCAO|1058||04589859378||2305233||Av Presidente Castelo Branco||S/NR-NAIR NOGUEIRA L|Centro|
|0150|800007223|SABRINA FURTADO FOLIGNO|1058||65877462334||2304400||Vi Rocha Lima|1706||Centro|
|0150|800007224|VENTOS TECNOLOGIA ELETRICA LTDA|1058|00093977000109|||2304400||Av Santos Dumont|2088|SALA 307|Centro|
|0150|800007225|CODISMAN VEICULOS DO NORDESTE LTDA|1058|04266333000207|||2304400||Av Washington Soares|5955||Alagadiço Novo|
|0150|800007226|TRANSPORTES URBANOS ALIN?A S/A|1058|04628810000148|||2304400||R Rio Tapajós|70||Vila Velha|
|0150|800007227|D.F.G SERV E COMERC DE EQUIP.DE TEL|1058|12188628000141|||2304400||Av Borges de Melo|1677||Fátima|
|0150|800007228|NILZA GONCALVES SANTANA|1058||20720815134||2304400||R Barão de Aracati|444||Meireles|
|0150|800007230|FRANCISCO DAS CHAGAS CAJADO|1058||68452179553||2304400||R JosÚ Vilar|2281||Dionisio Torres|
|0150|800007231|ADONAI DA SILVA AIRES|1058||27288218104||2304400||R Maria Tomásia|909||Aldeota|
|0150|800007232|ANA CRISTINA FIUZA DE ALBUQUERQUE|1058||17648137402||2304400||R Maria Alice|1329||Engenheiro Luciano Cavalc|
|0150|800007234|MARIA DO SOCORRO MONTEIRO LUCAS|1058||29374596334||2300309||R Paulino FÚlix|197|JOSE PEREIRA,197|Centro|
|0150|800007235|KOS ACRILICOS IND. E COMERCIO LTDA.|1058|05022327000188||286242630114|3513801||AVENIDA MARIA LEONOR|500||PQ REID II|
|0150|800008026|LOJAS CARROSSEL COM. E REP.LTDA|1058|23455967000597||066697743|2304400||WASHINGTON SOARES||85 TERREO L.58A085|Edson Queiroz|
|0150|800008028|WHIRLPOOL S.A.|1058|59105999000348||587083307116|3543907||Av 80 A|777||Distrito Industrial|
|0150|800008040|FORTALEZA ATLANTICO HOTEIS UNDA|1058|07413279000184||061824585|2304400||Av Beira Mar|2500||Meireles|
|0150|800008060|MRV MAGIS VIII INCORPORA?OES SPE LT|1058|09486160000167|||2304400||R Ministro Petrônio Portela||SN|Salinas|
|0150|800008061|HOME&DESIGNIER|1058|14123777000158||065762819|2304400||R Doutor JosÚ Lourenço|516||Meireles|
|0150|800008062|MIMO IMPORTACOES E EXPORTACOES LTDA|1058|05330305000185||116485490110|3550308||Av Otaviano Alves de Lima|109|||
|0150|800008063|FAELCE-FUND.COELCE DE SEG.SOCIAL|1058|06622591000115|||2304400||Av Barão de Studart|2700||Joaquim Távora|
|0150|800008064|ESTEVES ASSES.E ADM.HOTELEIRA LTDA|1058|04686024000105|||2304400||R Osvaldo Cruz|2120|SALA 903/904|Dionisio Torres|
|0150|800008065|KARYNA PORTELA COELHO|1058||46445188320||2304400||R Marcondes Pereira|1500||Dionisio Torres|
|0150|800008066|FRANCISCO AIRTON SILVEIRA FONTENELE|1058||13570102300||2304400||R Antônio Augusto|906||Aldeota|
|0150|800008067|PETRI PNEUS PETROLEO LTDA|1058|41415910000112|||2304400||Ro BR-116|7824||Pedras|
|0150|800008068|MILENA FERREIRA ALENCAR|1058||36689753450||2304400||R Ciro Monteiro|303|||
|0190|UN|unidad|
|0190|PC|pacote|
|0190|UD|unidade|
|0190|PEC|pecote|
|0190|JG|jogo|
|0190|CJ|conjunto|
|0190|CX|caixa|
|0190|KT|UNIDADE|
|0200|030053|REF.BRASTEMP F.FREE 420L BRM42 BR|||UN|00||||||
|0200|030130|REF.BRASTEMP F.FREE 352L BRM39 INOX|||UN|00||||||
|0200|030133|REF.BRASTEMP F.FREE 352L BRM39 BR|||UN|00||||||
|0200|030253|SEC.BRASTEMP/PISO ROTAT.BSR10A BR|||UN|00||||||
|0200|030303|LAVALOUCA BRASTEMP 12SERV.BLE12 BR|||UN|00||||||
|0200|030333|LAVAROUPA BRASTEMP 11KG BWL11 INOX|||UN|00||||||
|0200|030353|LAVASECA BRASTEMP 7kg/4Kg BWS24 PRATA|||UN|00||||||
|0200|030363|LAVAROUPA BRASTEMP 8KG BWB08A|||UN|00||||||
|0200|030373|LAVAROUPA TOTAL BRASTEMP 9KG BWL09A|||UN|00||||||
|0200|030383|LAVAROUPA BRASTEMP 11Kg BWL11 BR|||UN|00||||||
|0200|030433|FOGAO BRASTEMP CLEAN 4B BFO50BB BR|||UN|00||||||
|0200|030443|FOGAO BRASTEMP CLEAN 6B BFO76BB BR|||UN|00||||||
|0200|030450|FOGAO BRASTEMP CLEAN 4B BFO50 INOX|||UN|00||||||
|0200|030460|FOGAO BRASTEMP CLEAN 6B BFO76 INOX|||UN|00||||||
|0200|030473|AR SPLIT BRASTEMP 9000BTU BBV09/BBY09|||UN|00||||||
|0200|030523|DEPURADOR BRASTEMP DE VILLE 4B BAA60|||UN|00||||||
|0200|030533|DEPURADOR BRASTEMP DE VILLE 6B BAA80|||UN|00||||||
|0200|030543|DEPUR.BRASTEMP QUALITY 4B XAT60 INOX|||UN|00||||||
|0200|030910|COOKTOP BRASTEMP 5B GAS VIDRO BDD76|||UN|00||||||
|0200|030960|ADEGA BRASTEMP 12GARRFAS BZC12 PRETA|||UN|00||||||
|0200|030970|FRIGOBAR BRASTEMP 120L BRC12X INOX|||UN|00||||||
|0200|031073|FOG.BRAST.ATIVE EMB.5B TIME BY776 BR|||UN|00||||||
|0200|031130|COIFA BRASTEMP BAI91 INOX|||UN|00||||||
|0200|031240|ASPIRADOR PO BRASTEMP CLEAN B7B14A|||UN|00||||||
|0200|040013|REF.CONSUL F.FREE 360L CRB36 BR|||UN|00||||||
|0200|040103|FREEZER CONSUL 260L CVU26D BR|||UN|00||||||
|0200|040133|FRIGOBAR CONSUL 120L CRC12A BR|||UN|00||||||
|0200|040173|FREEZER CONSUL 200L CVU20D BR|||UN|00||||||
|0200|040183|FREEZER CONSUL 100LTS CVT10B BRANCO|||UN|00||||||
|0200|040213|REF.CONSUL F.FREE 330L CRM33A BR|||UN|00||||||
|0200|040223|REF.CONSUL F.FREE 370L CRM37 BR|||UN|00||||||
|0200|040250|AR COND.CONSUL 7500 CCN07 C/CONT.|||UN|00||||||
|0220|PC|1,000|
|0200|040280|AR COND.CONSUL 12000 CCY12A C/CONTROLE|||UN|00||||||
|0220|PC|1,000|
|0200|040290|AR COND.CONSUL 10000 CCN10 C/CONT.|||UN|00||||||
|0220|PC|1,000|
|0200|040340|AR CONDICIONADO CONSUL 18000 CCI18C|||UN|00||||||
|0200|040383|FOG.CONSUL FACILITE 4B CF550 INOX|||UN|00||||||
|0200|040393|FOG.CONSUL FACILITE 6B CF576 INOX|||UN|00||||||
|0200|040423|LAVAROUPA CONSUL 7KG CWI07 BR|||UN|00||||||
|0200|040430|DEPURADOR CONSUL 4B CAT60 INOX|||UN|00||||||
|0200|040440|DEPURADOR CONSUL 6B CAT80 INOX|||UN|00||||||
|0200|040520|AR SPLIT CONSUL 12000BTU CBV12/CBY12|||UN|00||||||
|0220|PC|1,000|
|0200|040550|ASPIRADOR PO CONSUL LEVE C7P13B|||UN|00||||||
|0200|070420|TV CCE 14 TELA PLANA TV-1418|||UN|00||||||
|0200|090240|GRILL/SANDUICHEIRA NKS I-15 PRETA/IN|||UN|00||||||
|0200|100030|FOGAO ESMALTEC SAMOA 4B INOX 4013|||UN|00||||||
|0220|UD|1,000|
|0200|100160|GELAGUA ESMALTEC EGC35B INOX PR|||UN|00||||||
|0200|100200|GELAGUA COLUNA ESMALTEC EGC35B|||UN|00||||||
|0200|100210|GELAGUA MESA ESMALTEC EGM30 BR|||UN|00||||||
|0200|120020|LIQUIDIFICADOR C/FILTRO MONDIAL L-51|||UN|00||||||
|0200|120080|VENTILADOR COLUNA 40CM MONDIAL V-61|||UN|00||||||
|0200|120090|VENTILADOR 30CM MONDIAL NV-31|||UN|00||||||
|0200|150040|VENTILADOR MALLORY BOREAL 30CM|||UN|00||||||
|0200|150070|SANDUICHEIRA MALLORY GRILLMAX|||UN|00||||||
|0200|180203|F.MIC.PANASONIC FAMILY 35L NN-ST669|||UN|00||||||
|0220|PEC|1,000|
|0200|180260|F.MI.PANASONIC PICCOLO NN-ST359 PRATA|||UN|00||||||
|0200|180280|TEL.S/FIO PANASONIC KXTG1371(1,9GHz)|||UN|00||||||
|0200|180290|TELEF.BINA PANASONIC KXTG1381(1,9GHZ)|||UN|00||||||
|0200|180420|MINI SYSTEM PANASONIC SC-AKX52LB|||UN|00||||||
|0200|180580|RAMAL/SECRET.PANASONIC KX-TG6522|||UN|00||||||
|0200|180590|TEL.RAMAL/BINA PANASONIC KX-TG6512|||UN|00||||||
|0200|180700|TV PANASONIC PLASMA 5O 3D TC-P50UT50B|||UN|00||||||
|0200|180770|TV PANASONIC LCD DTV 32 TC-L32C30B|||UN|00||||||
|0220|PEC|1,000|
|0200|180790|TV PANASONIC LCD 42 TC-L42U30B|||UN|00||||||
|0220|PEC|1,000|
|0200|220143|LAVAROUPA ELECTROLUX 6KG LTE06|||UN|00||||||
|0200|290060|FORNO ELETRICO SUGGAR 23L FE2322 INOX|||UN|00||||||
|0200|290190|SANDUICHEIRA SUGGAR SD-2022|||UN|00||||||
|0200|290220|LIQUID.SUGGAR LIQMAX LQ2222|||UN|00||||||
|0200|290260|JARRA ELETRICA SUGGAR JR1002|||UN|00||||||
|0200|290290|PANELA ELETRICA SUGGAR PE1022|||UN|00||||||
|0200|290300|CAFETEIRA SUGGAR 20XIC.INOX CF2022|||UN|00||||||
|0200|330050|FERRO WALITA AUTOMATICO RI133|||UN|00||||||
|0200|330090|BATEDEIRA WALITA RI7110|||UN|00||||||
|0200|330150|LIQUID. WALITA ALUMINIO RI2094|||UN|00||||||
|0200|330210|LIQUID. WALITA 2V RI2008|||UN|00||||||
|0200|330250|SANDUIC.WALITA GRILL 2386 PANINI|||UN|00||||||
|0200|502191|BAND./ALCA ONDUL.INOX PQ MIMO BJ1104|||UN|00||||||
|0200|502201|BAND./ALCA OVAL INOX GR MIMO BJ1106|||UN|00||||||
|0200|650200|PROTETOR P/GARRAFAO AQUAXIQUE|||UN|00||||||
|0200|660090|GARRAFA TERM.SAMBA QUICK 1L COLOR|||UN|00||||||
|0220|PC|1,000|
|0200|701750|LUVA P/LIMPEZA/MICROF.HUDSON EVFWMM|||UN|00||||||
|0200|701830|FRIGIDEIRA PORQUINHO HUDSON MS78053|||UN|00||||||
|0200|812960|RALADOR QUEIJO BONECA EDF.RAL|||UN|00||||||
|0200|813370|BALDE P/PIPOCA PLAST.EDF.GRANDE SX96|||UN|00||||||
|0200|840970|PRATO GITATORIO 40CM BENC.74106|||UN|00||||||
|0200|880050|FRIGIDEIRA 28 PROFIS.MULT.46028|||UN|00||||||
|0200|880080|FRIGID.32 MASTER MULTIFLON 46032|||UN|00||||||
|0200|902110|ADEGA P/8GAR.C/FRIGOBAR FULL 25149|||UN|00||||||
|0200|910781|JG.6TACAS CLAUDIA V.TINTO RICAELLE|||UN|00||||||
|0200|910782|JG.6TACAS CLAUDIA V.BRANCO RICAELLE|||UN|00||||||
|0200|910784|JG.6TACAS CLAUDIA LICOR RICAELLE|||UN|00||||||
|0200|910785|JG.6TACAS CLAUDIA CHAMPANHE RICAELLE|||UN|00||||||
|0200|950010|FOGAO GAS PORTATIL CHEFS YOI PRETO|||UN|00||||||
|0200|950310|CHURRASQ.ELET.FISCHER GRILL 4513|||UN|00||||||
|0200|950370|COIFA PARED FISCHER TALENT 90cm.5456|||UN|00||||||
|0200|950490|FORNO ELETRICO FISCHER 44L INOX 9982|||UN|00||||||
|0200|040123|FRIGOBAR CONSUL 80L CRC08A BR|||UN|00||||||
|0200|040570|ASPIRADOR PO CONSUL FACILITE C7P14A|||UN|00||||||
|0200|180380|MINI SYSTEM PANASONIC SC-AKX80|||UN|00||||||
|0200|502190|BAND./ALCA ONDUL.INOX GR MIMO BJ1103|||UN|00||||||
|0200|502200|BAND./ALCA OVAL INOX PQ MIMO BJ1105|||UN|00||||||
|0200|702160|REMOVEDOR ODOR HUDSON PR6700|||UN|00||||||
|0200|900980|PORTA DETERG./ESPONJA FULL 14564|||UN|00||||||
|0200|030093|FREEZER BRASTEMP F.F 280L BVR28 BR|||UN|00||||||
|0200|030123|REF.BRASTEMP INVERSE 422L BRE50 INOX|||UN|00||||||
|0200|031120|COIFA BRASTEMP BAI60 INOX|||UN|00||||||
|0200|120130|ESPREMEDOR PREMIUM MONDIAL E-02|||UN|00||||||
|0200|180910|REF.PANASONIC INVERTER 512L NRD512YZ|||UN|00||||||
|0200|270020|TV LG 23 LED/MONITOR FULL HD M2380A|||UN|00||||||
|0200|330030|LIQ.WALITA 3V FILTRO/ESPATULA RI2034|||UN|00||||||
|0200|500050|CAFETEIRA ALUM.P/9 XIC.MIMO AF09|||UN|00||||||
|0200|500380|CAFETEIRA INOX P/4 XIC.MIMO AFA04|||UN|00||||||
|0200|502050|SUP/PAREDE/UTENS/6GANCH.MIMO SF9216|||UN|00||||||
|0200|700970|MIXER HUDSON FK42568|||UN|00||||||
|0200|813550|GARRAFA TERMICA 1L COLOR EDFORT GAF|||UN|00||||||
|0200|880010|CHURRASQUEIRA 28 MULTIFLON 54528|||UN|00||||||
|0200|880030|FRIGIDEIRA 24 PROFIS.MULT.46024|||UN|00||||||
|0200|890520|JG.P/SERVIR TP/VIDRO TRAMONT.3PCS 64310|||UN|00||||||
|0200|890550|JG.PANELAS TRAMONT.5PCS 65650700|||UN|00||||||
|0200|200360|DVD PHILIPS KARAOKE/MIC.DVP-3350KMX|||UN|00||||||
|0200|031030|FOG.BRASTEMP ATIVE EMB.4B INOX BY750|||UN|00||||||
|0200|090280|FORNO ELETRICO NKS DKS-690|||UN|00||||||
|0200|680940|QUEIJEIRA VERONA SOYUS|||UN|00||||||
|0200|702210|JG.JANTAR REDONDO 20PCS HUDSON GL116|||UN|00||||||
|0200|840620|PRATO GIRAT.35CM BENC.740|||UN|00||||||
|0200|030870|REF.BRAST.SIDE BY SIDE 620L BRS62 INOX|||UN|00||||||
|0200|031200|FOG.BRASTEMP 5B GOUR.EMB.BY976 INOX|||UN|00||||||
|0200|100053|FOGAO ESMALTEC HAWAII 6B 6005 BR|||UN|00||||||
|0200|220303|REF.ELECTROLUX F.FREE DF50 BR|||UN|00||||||
|0200|500630|CORTADOR/QUEIJO MIMO ASA12|||UN|00||||||
|0200|501110|FAQUEIRO 72PCS MIMO MAL.AT72A/AT1072A|||UN|00||||||
|0200|502202|BAND.REDONDA/ALCA INOX MIMO BJ1107|||UN|00||||||
|0200|901130|6TACAS SORVETE.JULIA FULL 55604|||UN|00||||||
|0200|950300|CHURRASQ.ELET.FISCHER SWIFT 4665|||UN|00||||||
|0200|050990|REF.BOSCH F.FREE 403L KDN43A INOX|||UN|00||||||
|0200|030630|LAVALOUCA BRASTEMP 8SERV.PLE20 PRATA|||UN|00||||||
|0200|050543|FOGAO CONT.PERFETTO 4B FSF12 BR|||UN|00||||||
|0200|120050|GRILL PREMIUM MONDIAL G-01|||UN|00||||||
|0200|150310|SANDUICHEIRA MALLORY GRILL MAX INOX|||UN|00||||||
|0200|180253|F.MIC.PANASONIC PERFECT NN-ST568|||UN|00||||||
|0200|220013|REF.ELECTROLUX 80LTS RE80 BR|||UN|00||||||
|0200|220403|FOGAO ELECTROLUX 5B 76STX INOX|||UN|00||||||
|0200|290180|FERRO SECO SUGGAR FR-3522|||UN|00||||||
|0200|330020|LIQUIDIFICADOR WALITA 3V RI2035/00|||UN|00||||||
|0200|330240|ESPREMEDOR|||UN|00||||||
|0200|670890|AGUA PERFUMADA P/AMBIENTE 230ML|||UN|00||||||
|0200|710270|ESCORREDOR 16PRATOS MAKINOX COLOR|||UN|00||||||
|0200|813030|PETISQUEIRA 21CM EDFORT HP002|||UN|00||||||
|0200|850050|CHAPA DUPLA FACE 280X230 FUMIL|||UN|00||||||
|0200|902270|FRIG.WOK TP/VIDRO 32CM FULL 13892|||UN|00||||||
|0200|030293|LAVALOUCA BRASTEMP 8SERV.BLE20 BR|||UN|00||||||
|0200|050553|FOGAO CONT. PERFETTO 6B FSK12 BR|||UN|00||||||
|0200|050683|REFRIG. CONTINENTAL 270L RC27 BR|||UN|00||||||
|0200|051220|FOG.BOSCH STYLE GRILL 4B HSF43I INOX|||UN|00||||||
|0200|090010|FORNO ELETRICO NKS DKS-650C|||UN|00||||||
|0200|100013|FOGAO ESMALTEC CARIBE 4B BR|||UN|00||||||
|0200|710280|ESCORREDOR 20PRATOS MAKINOX COLOR|||UN|00||||||
|0200|902430|RECHAUD RETAG.3L INOX FULL 13071|||UN|00||||||
|0200|040453|LAVAROUPA CONSUL 6KG CWI06 BR|||UN|00||||||
|0200|680660|SALADEIRA PANDORA 360 SOYUS|||UN|00||||||
|0200|701210|DESENTUPIDOR PIA HUDSON FQ10000|||UN|00||||||
|0200|950090|BUTANO IWATANI 250GR YOI|||UN|00||||||
|0200|150420|VENTILADOR MALLORY ZEFIRO 40CM|||UN|00||||||
|0200|900283|SUPORTE P/FATIAR FULL.15048|||UN|00||||||
|0200|910670|PRATO P/BOLO KING 33CM RICAELLE DL13P|||UN|00||||||
|0200|180550|DVD HOME THEATER PANASONIC SC-PT75LB|||UN|00||||||
|0200|200380|MINI SYSTEM PHILIPS MP3 FWM208|||UN|00||||||
|0200|940430|PORTA BOLSA JAQUES 614|||UN|00||||||
|0200|180400|MINI SYSTEM PANASONIC SC-AKX10|||UN|00||||||
|0200|200390|DISC PLAYER PHILIPS BLUR-RAY BDP3100X|||UN|00||||||
|0200|901541|TABUA/FACA/VID/QUEIJO 30C FULL 16648|||UN|00||||||
|0200|902111|ADEGA P/12GARRAFAS FULL FIT 25276|||UN|00||||||
|0200|910950|PORTA GELO 15CM RICAELLE 97126/150|||UN|00||||||
|0200|911040|SALADEIRA RONA 24CM RICAELLE 5150/240|||UN|00||||||
|0200|850070|CHAPA C/ALCA FUMIL 460X250|||UN|00||||||
|0200|850280|SANDUIC.1 PAO/FORMA FUMIL 739|||UN|00||||||
|0200|970740|LIXEIRA C/CINZEIRO CONTHEY D134452|||UN|00||||||
|0200|270010|TV SANSUNG 20 LCD/MONITOR 2033M|||UN|00||||||
|0200|030143|FREEZER BRASTEMP 240L BVG24G BR|||UN|00||||||
|0200|030850|REF.BRASTEMP ALL 360L BRF36 INOX|||UN|00||||||
|0200|031093|FORNO MIC.BRASTEMP ATIVE 30L BMS45BR|||UN|00||||||
|0200|031110|F.MIC.BRASTEMP KING SIZE 38L BMX40 INOX|||UN|00||||||
|0200|031250|ASPIRADOR PO BRASTEMP FLY B7V09A|||UN|00||||||
|0200|040530|AR SPLIT CONSUL 9000BTU CBV09/CBY09|||UN|00||||||
|0220|PC|1,000|
|0200|040540|AR SPLIT CONSUL 18000BTU CBV18/CBY18|||UN|00||||||
|0200|103110|KIT.RODO,BALDE,REFIL,ROTECSUL|||UN|00||||||
|0200|103120|REFIL P/RODO ROTECSUL|||UN|00||||||
|0200|180190|F.MIC.PANASONIC FLAT PANAG.NNGF580 PR|||UN|00||||||
|0220|PEC|1,000|
|0200|180243|F.MIC.PANASONIC STYLE NNGD587 INOX|||UN|00||||||
|0200|180320|TELEFONE PANASONIC KX-TS9LBW|||UN|00||||||
|0200|200370|MICRO SYSTEM PHILIPS MCM-166X/78|||UN|00||||||
|0200|200480|RADIO CD PHILIPS MP3 AZ-302S|||UN|00||||||
|0200|290033|DEPURADOR SUGGAR SIRIUS 4B DS62 BR|||UN|00||||||
|0200|290053|DEPURADOR SUGGAR SIRIUS 6B DS82 BR|||UN|00||||||
|0200|290200|PASSADEIRA SUGGAR/VAPOR PV4261|||UN|00||||||
|0200|290210|PASSADEIRA SUGGAR/VAPOR/PROF.PV6282|||UN|00||||||
|0200|290250|BATEDEIRA BATPLUS SUGGAR BT9022 INOX|||UN|00||||||
|0200|290310|VENTILADOR TORRE SUGGAR 74CM VE7422|||UN|00||||||
|0200|500160|CAFETEIRA ALUM.P/3 XIC.MIMO AF03|||UN|00||||||
|0200|501710|FACA P/SALADA MIMO 998019|||UN|00||||||
|0200|660230|GARRAFA TERM.MELODY QUICK 1L COLOR|||UN|00||||||
|0220|PC|1,000|
|0200|880260|FRIGIDEIRA DUPLA 18 MULTIFLON 55118|||UN|00||||||
|0200|902171|JG.JANTAR PORC.42PCS RAIN FUL.15416|||UN|00||||||
|0200|902511|JG.6TACAS SOBREMESA VEGA FULL 56589|||UN|00||||||
|0200|910760|CUPULA SUMMER PEQ.15CM RICAELLE 311|||UN|00||||||
|0200|950330|COIFA ISLAND FISCHER 5455|||UN|00||||||
|0200|030933|DEP.BRASTEMP EMB.6B VIDRO BAG80 BR|||UN|00||||||
|0200|180870|CAMERA DIGITAL PANASONIC DMC-FH2LB|||UN|00||||||
|0200|500082|JG.4TACAS SILVER P/AGUA MIMO TCS02|||UN|00||||||
|0200|500550|PA PARA BOLO MIMO ASA15|||UN|00||||||
|0200|501170|ESPATULA P/PATE MIMO ASA66|||UN|00||||||
|0200|850270|SANDUIC.2 PAES/FORMA FUMIL 737|||UN|00||||||
|0200|031020|FOG.BRASTEMP ATIVE MAX.4B INOX BF760AR|||UN|00||||||
|0200|050970|COIFA BOSCH PIRAMIDE 90CM INOX DWW09|||UN|00||||||
|0200|120170|KIT COZINHA COMPLETA MONDIAL KT06|||UN|00||||||
|0200|290270|FERRO MADRI SUGGAR S/FIO FR4022|||UN|00||||||
|0200|812120|PINCA P/CHURRASCO 13CM EDF.GL204|||UN|00||||||
|0200|813440|MEDIDOR 600ML EDFORT GL321|||UN|00||||||
|0200|950231|JG.PANELAS VM ASD 4PCS YOI 9531|||UN|00||||||
|0200|500610|FACA 23CM MIMO ASA39|||UN|00||||||
|0200|520212|PORTA CHA/ACUCAREIRO ALIMP.B34026|||UN|00||||||
|0200|900750|SALADEIRA/MOLHEIRA FULL 17347|||UN|00||||||
|0200|910150|PORTA PAO RICAELLE 132|||UN|00||||||
|0200|950063|PRATO BALI PEQ.FOLHA 5CM YOI 23357|||UN|00||||||
|0200|180510|MINI SYSTEM PANASONIC SC-AKX74LBK|||UN|00||||||
|0200|900600|COOLER 1GARR.P/FREEZER FULL.13992|||UN|00||||||
|0200|502300|JG.AMERICANO 4PCS COLOR MIMO JA105|||UN|00||||||
|0200|902580|COOLER P/LATINHA FULL 15789 PRETO|||UN|00||||||
|0200|290280|GRILL PETISCO SUGGAR GR3032|||UN|00||||||
|0200|501140|COLHER P/ARROZ MIMO ASA2|||UN|00||||||
|0200|501740|BAND.RETANG.MEDIO MIMO YK9123|||UN|00||||||
|0200|890560|BAIXELA TRAMONT.COSMOS 7PCS 64310080|||UN|00||||||
|0200|902040|FORMA GELO SILICONE FULL 14771|||UN|00||||||
|0200|051210|FOG.BOSCH STYLE GRILL 5B HSK44I INOX|||UN|00||||||
|0200|330270|CENTRIFUGA WALITA RI1861|||UN|00||||||
|0200|900950|JG.3COLHERES COCKTAIL FULL 12830|||UN|00||||||
|0200|050620|FOGAO CONT.G.PRIX 5B FSK14I INOX|||UN|00||||||
|0200|520850|CJ.3POTES/TP QUAD.PLAST.ALIMP.BRMS3|||UN|00||||||
|0200|660300|BALDE/GELO/PINCA/INOX M.SHOP 570428|||UN|00||||||
|0200|660930|BALDE P/GELO INOX 2L M.SHOP 70207|||UN|00||||||
|0200|680310|TACA TROPICAL GIGANTE SOYUS|||UN|00||||||
|0200|050600|FOGAO CONT.SPLENDIDO 4B INOX|||UN|00||||||
|0200|902970|POTE VIDRO/TP MAD.16CM FULL 46125|||UN|00||||||
|0200|040460|CENTRIFUGA CONSUL SEC FACIL C2A05B|||UN|00||||||
|0200|900890|JG.6TACAS/SORVETE FULL 12269INOX|||UN|00||||||
|0200|902200|JG.XIC/CAFE/CX/PRESENTE FULL 12PCS|||UN|00||||||
|0200|910810|JG.30 TACAS LAURA RICAELLE LA030|||UN|00||||||
|0200|970120|JG.JANTAR 20PCS 2FILETES D1442 CONTHEY|||UN|00||||||
|0200|970560|BANDEJA DE BAMBU CONTHEY D1458|||UN|00||||||
|0200|500622|RELOGIO PARED.BORDA FINO MIMO R10123|||UN|00||||||
|0200|502382|PRENDEDOR/EMB.SILIC.4PCS MIMO SN1063|||UN|00||||||
|0220|JG|1,000|
|0200|950062|BOWL BALI 5CM YOI 23356|||UN|00||||||
|0200|950064|SALADEIRA BALI PEQ.13CM YOI 221923|||UN|00||||||
|0200|SC-PT75LB-K|DCR-E2010/03355-2-CONJUNTO DE SOM C/HOME|7896067231814||PEC|00||||||
|0200|030393|LAVAROUPA BRASTEMP ATIVE MJ 9K BWT09|||UN|00||||||
|0200|500040|CAFETEIRA ALUM.P/6 XIC.MIMO AF06|||UN|00||||||
|0200|501300|RALADOR MIMO ASA16|||UN|00||||||
|0200|810860|FACA DO CHEFE 8 EDF.GL179|||UN|00||||||
|0200|810891|PEG.UNIVERSAL 20,5CM EDFORT. GL203|||UN|00||||||
|0200|880060|FRIGID.30 TEGAME MULTIFLON 45230|||UN|00||||||
|0200|890360|FAQUEIRO LAGUNA 42PCS TRAMOT.66906/774|||UN|00||||||
|0200|890370|FAQUEIRO LAGUNA 76PCS TRAMOT.66906/30|||UN|00||||||
|0200|890422|LIXEIRA INOX 5L TRAMONTINA 94538/05|||UN|00||||||
|0200|890440|LIXEIRA C/PEDAL 3L INOX TRAM.94538/03|||UN|00||||||
|0200|950390|COOKTOP VIDRO 5B FISCHER TCHAMA 1743|||UN|00||||||
|0200|950450|F.MICROONDAS FISCHER EMB.INOX 6946|||UN|00||||||
|0200|950460|COIFA PARED FISCHER TALENT 60cm.9347|||UN|00||||||
|0200|120150|LIQUIDIFICADOR 2V MONDIAL L-26|||UN|00||||||
|0200|680020|JARRA IMPERIO GRANDE SOYUS|||UN|00||||||
|0200|890350|CUSCUZEIRA INOX TRAMOTINA 65650|||UN|00||||||
|0200|902710|JG.5FACAS/QUEIJO FULL 13774|||UN|00||||||
|0200|031260|F.MIC.BRASTEMP OVEN GRIL 30L BMT45 INOX|||UN|00||||||
|0200|105106|BANDEJA C/ALCA GUINDER 7181|||UN|00||||||
|0200|500790|GARFO P/COZINHA MIMO ASA4|||UN|00||||||
|0200|501270|PORTA GUARDANAPO MIMO AC703|||UN|00||||||
|0200|680010|JARRA IMPERIO SOYUS PEQUENA|||UN|00||||||
|0200|680930|PRATO P/BOLO VERONA SOYUS|||UN|00||||||
|0200|102801|BANDEJA ESPELHO QUAD.ARTE M 206|||UN|00||||||
|0200|120070|CENTRIFUGA JUICE MONDIAL CF-02|||UN|00||||||
|0200|500140|JG UTENCIL.C/7P?S(PAREDE)AS7A MIMO|||UN|00||||||
|0220|JG|1,000|
|0200|701620|SACOLA/LAVAND.45X25 HUDSON WE375145|||UN|00||||||
|0200|890500|JG. P/SERVIR OVAL 3PCS 64510184|||UN|00||||||
|0200|106080|SALADEIRA RASA MADEIRA BEHLING SR03|||UN|00||||||
|0200|500090|JG.UTENCIL.C/07PCS(GIRAT.)MIMO AS7|||UN|00||||||
|0220|JG|1,000|
|0200|500300|ESCORREDOR MULTIUSO INOX 18CM MIMO|||UN|00||||||
|0200|500310|ESCORREDOR MULTIUSO INOX 21CM MIMO|||UN|00||||||
|0200|500621|RELOGIO PARED.FAIXA ALUM.MIMO R10118|||UN|00||||||
|0200|500770|DESCASCADOR/LEGUMES MIMO ASA22|||UN|00||||||
|0200|501770|CESTO PEQ.RET.ALCA RETA MIMO YK9126|||UN|00||||||
|0200|680970|JARRA PARIS SOYUS|||UN|00||||||
|0200|890450|LIXEIRA C/PEDAL 12L INOX TRAM.94538/12|||UN|00||||||
|0200|520440|BALDE GELO VINO CURVA ALIMP.B32514|||UN|00||||||
|0200|120030|MINIFORNO MONDIAL FR-02|||UN|00||||||
|0200|501791|CESTO QUADR.ALCA OVAL MIMO YK9128 MED.|||UN|00||||||
|0200|880070|FRIGID.36 MASTER MULTIFLON 46036|||UN|00||||||
|0200|940350|KIT CAIPIRINHA PLAST SHOW|||UN|00||||||
|0200|120120|CENTRIFUGA PREMIUM MONDIAL CF-01|||UN|00||||||
|0200|520870|CJ.P/MASSAS PLAST.VD ALIMP.BRPS42|||UN|00||||||
|0200|680360|TACA MILANO MEDIA SOYUS|||UN|00||||||
|0200|030083|REF.BRASTEMP F.FREE 490L BRM49 INOX|||UN|00||||||
|0200|105080|FRUTEIRA INOX 3 NIVEIS GUINDER 7297|||UN|00||||||
|0200|500750|PEGADOR DE SALADA MIMO ASA25|||UN|00||||||
|0200|920700|PRATO BRANCO C/PE TOY.240053|||UN|00||||||
|0200|660263|JG.4FACAS P/PATE M.SHOP 60005|||UN|00||||||
|0200|030923|DEP.BRASTEMP EMB.4B VIDRO BAG60 BR|||UN|00||||||
|0200|900215|COLHER/FUROS NYLON CB/INOX FULL.12627|||UN|00||||||
|0200|500123|SALEIRO/PIMENT.INOX MIMO 2PCS AQ04|||UN|00||||||
|0200|970710|BANDEJA RETANG. PQ.CONTHEY D146905|||UN|00||||||
|0200|105200|SUPORTE C/ASSADEIRA GR GUINDER 5576|||UN|00||||||
|0200|890081|BANDEJA RETANGULAR TRAMONTINA 61529|||UN|00||||||
|0200|660292|JG.P/QUEIJO 3PCS M.SHOP 660040|||UN|00||||||
|0200|105300|FAQUEIRO INOX 24PCS GUINDER 24|||UN|00||||||
|0200|660310|COQUETELEIRA 700ML M.SHOP 330607|||UN|00||||||
|0200|030030|REF.BRASTEMP F.FREE 429L BRM48 INOX|||UN|00||||||
|0200|030100|REF.BRASTEMP F.FREE 429L BRM50 INOX|||UN|00||||||
|0220|PC|1,000|
|0200|030103|REF.BRASTEMP F.FREE 429L BRM50 BR|||UN|00||||||
|0200|100150|GELAGUA ESMALTEC EGC35 ESTILO COR|||UN|00||||||
|0200|180970|REF.PANASONIC INVERTER 473L NRB461YZ|||UN|00||||||
|0200|200510|DVD HOME THEATER PHILIPS HTS3181|||UN|00||||||
|0200|290340|MIXER SUGGAR MX2022|||UN|00||||||
|0200|330010|LIQUID.WALITA 3V FILTRO PP RI2035/10|||UN|00||||||
|0200|330130|PROCESSADOR COMPACTO WALITA RI7620|||UN|00||||||
|0200|680490|CONJUNTO EXECUTIVO SOYUS|||UN|00||||||
|0220|CJ|1,000|
|0200|813360|BALDE P/PIPOCA PLAST.EDF.MEDIO SX96|||UN|00||||||
|0200|840432|JG.FONDUE 300ML BR BENC.40086|||UN|00||||||
|0200|840870|JG.3MINI PETISQUEIRA BENC.40080|||UN|00||||||
|0200|840951|JG.4APOIOS VIDRO REDONDO.BENC.74142|||UN|00||||||
|0200|902930|LUVA FULFIT PEQ. 14776/14947 COLOR|||UN|00||||||
|0200|950440|FORNO ELET.EMB.LUMEN FISCHER 7399|||UN|00||||||
|0200|200520|DVD PHILIPS DVP-3520|||UN|00||||||
|0200|030033|REF.BRASTEMP F.FREE 403L BRM48 BR|||UN|00||||||
|0200|031273|FOG.BRASTEMP.ATIVE 5B GRILL BF876 INOX|||UN|00||||||
|0200|813400|FAQ.ALEX VELUDO 75PCS EDFOR.FACIX604|||UN|00||||||
|0200|903570|JG.JARRA C/6COPOS DANCE FULL 46183|||UN|00||||||
|0200|813371|BALDE P/PIPOCA PLAST.EDF.PEQ.SX96|||UN|00||||||
|0200|813650|PRATO GIRAT.P/QUEIJO EDFORT GL36|||UN|00||||||
|0200|810351|FACA P/PATE DECORADA EDF.GD13|||UN|00||||||
|0200|812040|DESCANSO/PANELAS EDFORT GL236|||UN|00||||||
|0200|040470|FORNO MIC.CONSUL 25L CMY34 INOX|||UN|00||||||
|0200|811130|FACA P/PAO EDFORT GL176|||UN|00||||||
|0200|180800|CAMERA DIG.PANASONIC DMC-SILB|||UN|00||||||
|0200|680281|QUEIJEIRA BRASIL PEQUENA SOYUS|||UN|00||||||
|0200|810391|CAIXA ORGANIZADORA EDF.FS012|||UN|00||||||
|0200|903080|FAQ.INOX 36PCS ATENAS FULL 13797|||UN|00||||||
|0200|940370|PORTA TUDO JAQUES 398|||UN|00||||||
|0200|840990|PRATO P/BOLO C/PEDESTAL BENC.87019|||UN|00||||||
|0200|710320|ESCORREDOR 20P.CRISTAL MAKINOX|||UN|00||||||
|0200|811700|ESPATULA/SILICONE EDF.GL172|||UN|00||||||
|0200|840030|CANECA C/INFUSOR BENCAF. 2806|||UN|00||||||
|0200|890070|BAND/BOLO/CUPU.INOX TRAMONT.64510|||UN|00||||||
|0200|680500|SALADEIRA GIGANTE OUTONO SOYUS|||UN|00||||||
|0200|812210|CENTRIF./SALADA COLOR EDF.DD105|||UN|00||||||
|0200|950141|JG.JANTAR ALLURE SILVER 20PCS YOI|||UN|00||||||
|0200|901940|TABUA/VIDRO/SORTID.30X40 FULL|||UN|00||||||
|0200|910690|JG.P/BOLO KING 7PCS RICAELLE PM12S72|||UN|00||||||
|0200|902811|COFRE/PORQUINHO FULL 15462|||UN|00||||||
|0200|903140|APARELHO/COZIMENTO/VAPOR FULL 15071|||UN|00||||||
|0200|900341|JG.GARFO/COLHER C/SUP.2PCS FULL 15050|||UN|00||||||
|0200|810352|PROTETOR P/ALIMENTO 30CM EDF.GL406|||UN|00||||||
|0200|810521|TRAVESSA REFRAT.ESTRELA EDF. P BAO70|||UN|00||||||
|0200|840761|POTE SAL MODERN BENC.500G 95002|||UN|00||||||
|0200|813561|GARRAFA TERMICA 1L EDFORT GAF025/026|||UN|00||||||
|0200|903573|JG.30TACAS DIANA CRISTAL FULL 56514|||UN|00||||||
|0200|810561|MOEDOR PIMENTA/SAL MANUAL EDF.PM17|||UN|00||||||
|0200|810522|TRAVESSA REFRAT ESTRELA EDF M BA071|||UN|00||||||
|0200|810571|FONDUE EDFORT RH342|||UN|00||||||
|0200|200040|TV PHILIPS LCD 40 40PFL3605|||UN|00||||||
|0200|680820|TACA VERAO MEDIA SOYUS|||UN|00||||||
|0200|030013|REF.BRASTEMP ALL 360L BRF36 BR|||UN|00||||||
|0200|030283|MINI LAVAROUPA BRASTEMP 1KG BWI01|||UN|00||||||
|0200|030760|FORNO A GAS EMB.BRASTEMP BOA61 INOX|||UN|00||||||
|0200|030770|FORNO ELETRICO BRASTEMP BOB61 INOX|||UN|00||||||
|0220|PC|1,000|
|0200|031283|FOG.BRAST.ATIVE GRIL EMB.5B BY876INOX|||UN|00||||||
|0200|180270|F.MIC.PANASONIC PICOLO STYLE NNST341|||UN|00||||||
|0220|PEC|1,000|
|0200|180273|F.MIC.PANASONIC PERFECT NNST571|||UN|00||||||
|0220|PEC|1,000|
|0200|180750|TV PANASONIC LED 42 TC-L42E30B|||UN|00||||||
|0200|760292|JARDINEIRA 27CM BRILHANTE 08/017/27|||UN|00||||||
|0200|940380|PORTA CAMISA JAQUES 399|||UN|00||||||
|0200|660470|JG.6TACA BALLON 150ML M.CASS 0255|||UN|00||||||
|0200|812420|JG.JANTAR 42PCS EDFORT SG033|||UN|00||||||
|0200|900431|JG.AMERICANO P/COPOS 6PCS FULL 1731|||UN|00||||||
|0200|902610|JG.30TACAS BOHEMIA JULIA FULL 55600|||UN|00||||||
|0200|900433|PRATO P/BOLO VIDRO HAZE FULL 46197|||UN|00||||||
|0200|901313|JG.3COPOS ALTO 355ML FULL 46116|||UN|00||||||
|0200|880210|FRIGIDEIRA OVAL 24X36 MULTIF.45138|||UN|00||||||
|0200|760055|FRUTEIRA 12CM BRILHANTE 06/399/12|||UN|00||||||
|0200|902590|COOLER P/LONG NECK FULL 15792 PRETA|||UN|00||||||
|0200|520740|BALDE ACRILICO VINHO SQUARE B34016|||UN|00||||||
|0200|813320|TABUA P/QUEIJO/4FACAS EDFORT GL29|||UN|00||||||
|0200|980200|GARRAFA P/AGUA PLASVALE 2L R.618|||UN|00||||||
|0200|701330|FATIADOR OVOS HUDSON MS50644|||UN|00||||||
|0200|901314|JG.3COPOS ALTO 420ML FULL 46179|||UN|00||||||
|0200|900951|JG.5 MEXEDORES DRINKS FULL.15849|||UN|00||||||
|0200|902350|JG.P/POLIR SAPATO FULL 12611|||UN|00||||||
|0200|901290|JG. 6TAÇAS CHAMPANHE FULL 46071|||UN|00||||||
|0200|030900|COOKTOP BRASTEMP 4B GAS VIDRO BDD61|||UN|00||||||
|0220|PC|1,000|
|0200|100063|FOGAO ESMALTEC HAVAII 4B BR 4005|||UN|00||||||
|0200|710030|PORTA TALHER MAK INOX|||UN|00||||||
|0200|811990|PEGADOR UNIV.26CM EDF.GL224 AZ|||UN|00||||||
|0200|160140|TORRADEIRA OSTER 6335|||UN|00||||||
|0200|701040|FRIGIDEIRA CABO OVO HUDSON MS50162|||UN|00||||||
|0200|200420|DVD PLAYER PHILIPS DVP-3320X78|||UN|00||||||
|0200|160170|LIQUIDIFICADOR OSTERIZER 3V.4655|||UN|00||||||
|0200|702130|JOGO MEDIDOR/XICARA HUDSON PR3498|||UN|00||||||
|0200|160130|FORNO ELETRICO DIG.OSTER 6292|||UN|00||||||
|0200|111080|BANDEJA MELANINA GRANDE NOLIA 59511|||UN|00||||||
|0200|910160|PORTA GELO/CHAMP.RICAELLE 265|||UN|00||||||
|0200|660960|JARRA ACRIL/RECIP/GELO M.SHOP 80074|||UN|00||||||
|0200|700180|TAMPA/MICROONDAS HUDSON PR10|||UN|00||||||
|0200|701490|ORGANIZ./TALHERES HUDSON MD-29105|||UN|00||||||
|0200|680990|PRATO P/BOLO OUTONO 30CM SOYUS|||UN|00||||||
|0200|700891|PORTA TALHER PLAST.HUNDSON ID34947|||UN|00||||||
|0200|700322|DESCASCADOR VEGETAIS HUDSON.PR3054|||UN|00||||||
|0200|813160|PETISQUEIRA 2DIV EDFORT SN121|||UN|00||||||
|0200|810831|BALDE P/CERVEJA REDOND.EDFORT CV1002|||UN|00||||||
|0200|810921|FORMA P/GELO DIVERSOS EDFORT GL4|||UN|00||||||
|0220|PC|1,000|
|0200|880250|CACAROLA 30 PROFIS.MULTIFLON 45130|||UN|00||||||
|0200|701510|TAMPA/VINHO HUDSON MS-26245|||UN|00||||||
|0200|850090|CHAPA TAPIOCA FUMIL 190X18|||UN|00||||||
|0200|701190|RALADOR C/RECIP.HUDSON FK45431|||UN|00||||||
|0200|701720|ESPATULA/OVO HUDSON MS50326|||UN|00||||||
|0200|701690|GANCHO/XIC.FERRO/BR HUDSON FQ50401|||UN|00||||||
|0200|880220|ASSADEIRA FUNDA 40 MULTIF.26040|||UN|00||||||
|0200|970210|JG.COPOS 8PCS CONTHEY D1443|||UN|00||||||
|0200|030203|REF.BRASTEMP CLUB FF 490L BRR49 INOX|||UN|00||||||
|0200|970370|JG.P/BOLO SABRINA 2PCS CONTHEY D14526|||UN|00||||||
|0200|810380|BANDEJA 40CM EDF. RPL05|||UN|00||||||
|0200|810610|TIGELA DEEP 28CM EDFORT DMB07|||UN|00||||||
|0200|180760|TV PANASONIC LCD 32 TC-L32C5B|||UN|00||||||
|0220|PEC|1,000|
|0200|200050|TV PHILIPS LED 3D FULL 40 40PFL9605|||UN|00||||||
|0200|880160|FRIGIDEIRA DUPLA 14 MULT.55134|||UN|00||||||
|0200|880270|ASSADEIRA FUNDA PROF.30 MULTIF.25030|||UN|00||||||
|0200|880360|FRIG.DUPLA MEIA LUA MULTIFLON 55624|||UN|00||||||
|0200|890501|JG. P/SERVIR REDONDO 3PCS 64510174|||UN|00||||||
|0200|890530|JG.BAIXELA TRAMONTINA 10PCS 64510020|||UN|00||||||
|0200|890610|PANELA PRESSAO/CESTO TRAMONT.62516222|||UN|00||||||
|0200|900591|VASO ECOL LABIRINT 30,5CM FULL 56546|||UN|00||||||
|0200|900872|PRATO P/BOLO C/PE ORION FULL 56035|||UN|00||||||
|0200|903081|FAQ.INOX ATENAS/MALA 75PCS FULL13796|||UN|00||||||
|0200|890640|JG.5PANELAS ALEGRA TP/VD TRAMONT.65650/314|||UN|00||||||
|0200|650390|POTE VID.RED.TP YANGZI 3648|||UN|00||||||
|0200|890630|JG.BAIXELA TRAMONTINA 8PCS 64510890|||UN|00||||||
|0200|900071|FONDUE GIRAT.INOX 23PCS FULL 16222|||UN|00||||||
|0200|900957|JG.6ESPETOS FONDUE PLAST.FULL.16079|||UN|00||||||
|0200|030680|COOKTOP CHURRASQUEIRA BRASTEMP BDH30|||UN|00||||||
|0200|900122|COPO P/VIAGEM SORTIDOS FULL 17|||UN|00||||||
|0200|660480|JG.6TACA BALLON 200ML M.CASS 0256|||UN|00||||||
|0200|900331|BANDEJA/VIDRO GIRAT.35CM FULL 17248|||UN|00||||||
|0200|890620|PANELA PRESSAO POLIDA TRAMONT.2057020|||UN|00||||||
|0200|501330|JG.JANTAR 20PCS QUAD.MIMO 20Q905|||UN|00||||||
|0200|901800|JG. 6COPOS 260ML FULL 56098|||UN|00||||||
|0200|900914|P/RETRATO VID./PR/BRILHO FULL 17083|||UN|00||||||
|0200|901410|RECHAUD DUPLO BASE/MAD.FULL 14560|||UN|00||||||
|0200|902172|JG.JANTAR 42PCS CLASSIC FULL.17192|||UN|00||||||
|0200|902401|FRIGID.MINI C/TP/FLOR/FULL 18233|||UN|00||||||
|0200|903190|ESCOVA P/LAVAR TACAS FULL 16173|||UN|00||||||
|0200|813510|JG.2TRAVESSAS MELAMINE EDFORT MLOO|||UN|00||||||
|0200|840860|RECHAUD OVAL BENCAFIL 40062|||UN|00||||||
|0200|890341|CONJ.FACAS INOX 2PCS TRAMOTINA 23899|||UN|00||||||
|0200|900063|FACA P/LEGUMES VERDE FULL 17159|||UN|00||||||
|0200|900610|BICO METAL C/TAMPA FUL.12688|||UN|00||||||
|0200|051260|FOGAO BOSCH STYLE 4B HSF13I3 INOX|||UN|00||||||
|0200|650380|POTE VID.RED.SAL/TP YANGZI 3650|||UN|00||||||
|0200|900064|FACA MULTIUSO LARANJA FULL 17160|||UN|00||||||
|0200|810080|TRAVESSA 35CM EDFORT EX73|||UN|00||||||
|0200|850210|BIFETEIRA QUAD.FUMIL 220X220|||UN|00||||||
|0200|901671|BANCO PLAST.BR/PRETO 22CM FULL 17183|||UN|00||||||
|0200|290350|GRUILL MASTER PRESS SUGGAR GR4422 INOX|||UN|00||||||
|0200|900740|CJ.SALADA LINEAR 32X25 FULL 13068|||UN|00||||||
|0200|900062|FACA DO CHEFE AZUL FULL 17156|||UN|00||||||
|0200|901411|RECHAUD REDONDO BASE/MAD FULL 14562|||UN|00||||||
|0200|900971|ACUCAREIRO/COLHER PORC/BR FULL 16202|||UN|00||||||
|0200|030950|FRIGOBAR BRASTEMP RETRO BRA08A VERMEL.|||UN|00||||||
|0200|104650|PORTA/COPOS 50ML KOS COLOR 700230|||UN|00||||||
|0200|200530|DVD PHILIPS DVP-3820KX/78|||UN|00||||||
|0200|220413|FOGAO ELECTROLUX EMBUTIR 5B 76TXE IN|||UN|00||||||
|0200|701180|PEGADOR SALADA HUDSON FK41812|||UN|00||||||
|0200|810560|MANTEGUEIRA 23CM EDF.TZB14|||UN|00||||||
|0200|811380|JG.JANTAR 20PCS EDFORT SG800|||UN|00||||||
|0200|901350|JG.4VELAS SUP.METAL FULL 13600|||UN|00||||||
|0200|901700|DISPENSER PLAST.CAFE FULL 14085|||UN|00||||||
|0200|910783|JG.6TACAS CLAUDIA AGUA RICAELLE|||UN|00||||||
|0200|880240|PAELLERA 46 PROFIS.MULTIFLON 45046|||UN|00||||||
|0200|104660|PORTA/COPOS 200ML KOS COLOR 700250|||UN|00||||||
|0200|220560|F.MICROONDAS ELECTROLUX 28L ME30X IN|||UN|00||||||
|0200|710180|SUP.P/MARG.250GR C/ESPAT.MAK-INOX|||UN|00||||||
|0200|710220|SUPORTE P/AZEITE 200ML MAK-INOX|||UN|00||||||
|0200|660153|POTE VIDRO BIZIER 600ML M.SHOP|||UN|00||||||
|0200|701870|RALADOR MANUAL HUDSON PRHG75|||UN|00||||||
|0200|840470|PORTA PAO/ACO BR BENC.52007|||UN|00||||||
|0200|900830|JG.4 PRATOS FULL 1487|||UN|00||||||
|0200|2922|PB930 ACUCAREIRO PORCELANA|7898452506606||PC|00||||||
|0200|3260|SF9210 CENTRIFUGA DE PRESSAO|7898452509126||PC|00||||||
|0200|3563|ALA1082 FACA MULTIUSO C/CABO COLORIDO|7898452511273||PC|00||||||
|0200|3839|BJ1105 BANDEJA INOX OVAL LISA C/ALCA PQ|7898516895608||PC|00||||||
|0200|850010|CACAROLA CABO MAD.1,7L/190 FUMIL|||UN|00||||||
|0200|812430|JG. 4POTES EDFORT SN100|||UN|00||||||
|0200|920220|FAQUEIRO/ACO INOX 130PCS TOY.2500004|||UN|00||||||
|0200|031010|FOG. BRASTEMP ATIVE 2FORNO 5B BFD5VAR INOX|||UN|00||||||
|0200|530350|GARRAF.P/OLEO 15x6,8CM 200ML 6561|||UN|00||||||
|0200|813200|BOWL P/SALADA/TAMPA/COLHER EDF.SN116|||UN|00||||||
|0200|521010|TIGELA 20CM VER/LAR ALIMP.R02220|||UN|00||||||
|0200|701990|TAMPA/CONSERVAR VINHO HUDSON JO06001|||UN|00||||||
|0200|810240|JOGO DE JANTAR EDFORT 20PCS|||UN|00||||||
|0200|740130|SACA ROLHA/SUPORT.PALANI HF035B|||UN|00||||||
|0200|980250|POTE PLASVALE 1L R337|||UN|00||||||
|0200|031220|FOG.BRAST.VAPOR 5B GOUR.EMB.BYB76INOX|||UN|00||||||
|0200|811020|DISPLAY C/2 CANECAS EDFORT MUG7|||UN|00||||||
|0200|521070|AP.JANTAR 28PCS TOGO ALIMP.P227128S|||UN|00||||||
|0200|841030|CANECA 400ML BENCAFIL 90201|||UN|00||||||
|0200|710230|SUPORTE P/AZEITE 500ML MAK-INOX|||UN|00||||||
|0200|950143|JG.JANTAR ALLURE TWIST YOI 20PCS|||UN|00||||||
|0200|660630|JG.3POTES/VIDRO M.CASS TP/PT 0138|||UN|00||||||
|0200|850300|FRIGIDEIRA TP/VIDRO FUMIL 250X45 387|||UN|00||||||
|0200|920580|JG.JANTAR TOYLAND 30PCS 260000|||UN|00||||||
|0200|105070|CREDITO|||UN|00||||||
|0200|102301|BANDEJA VIDRO TRANSP.QUAD.ARTE M 147|||UN|00||||||
|0200|660260|CANOA P/APERITIVO CARACOL 18CM|||UN|00||||||
|0200|680760|BOMBONIERE SATURNO PEQ.SOYUS|||UN|00||||||
|0200|840750|POTE SUGGAR BENC 800G BR 48020|||UN|00||||||
|0200|840760|POTE COFFE BENC 800G BR 48021|||UN|00||||||
|0200|870060|PETISQUEIRA QUAD C/PATE ART|||UN|00||||||
|0200|960240|JG.6 COPOS MALBEC VERM.ART HOME|||UN|00||||||
|0200|102202|BANDEJA VIDRO PRETO QUAD.ARTE G 145|||UN|00||||||
|0200|102502|BANDEJA VIDR.TRANSP.PLANA.ARTE P 154|||UN|00||||||
|0200|4080570085|BALDE P/ GELO C/ PINCA E SUPORTE 22CM|||PC|00||||||
|0200|294|AF06 CAFETEIRA ALUMINIO P 6 CAFEZINHOS|7898420972044||PC|00||||||
|0200|910460|JG.4TACAS ONYX 300ML RICAE.VM 2002|||UN|00||||||
|0200|030573|LAVALOUCA BRASTEMP 6SERV.BLF06ABB BR|||UN|00||||||
|0200|030583|LAVALOUCA BRASTEMP 8SERV.BLF08ABB BR|||UN|00||||||
|0200|500242|POTE PLAST.TAMPA MIMO 0,5L SF11751|||UN|00||||||
|0200|500710|ESPREMEDOR DE ALHO MIMO ASA18|||UN|00||||||
|0200|500832|VASO TORCIDO 30CM MIMO VD10186|||UN|00||||||
|0200|812961|RALADOR DE QUEIJO EDFORT GL316|||UN|00||||||
|0200|104610|SALADEIRA CRISTAL KOS 600800|||UN|00||||||
|0200|104630|JARRA CRISTAL KOS COLOR 600100|||UN|00||||||
|0200|500241|RALADOR C/POTE/TAMPA MIMO ASA1175|||UN|00||||||
|0200|500244|POTE PLAST.TAMPA MIMO 1,1L SF11757|||UN|00||||||
|0200|500623|RELOG.PARED.BORDA GROSSA MIMO R10122|||UN|00||||||
|0200|660301|BALDE/GELO/PINCA/PLASTICO M.SHOP 167|||UN|00||||||
|0220|CJ|1,000|
|0200|810862|PA P/BOLO ACRIL.MOD.JACARE EDF.KY06|||UN|00||||||
|0200|500581|FORMA P/BOLO SILICONE MIMO SN11222|||UN|00||||||
|0200|500500|COLHER P/SORVETE MIMO ASA13|||UN|00||||||
|0200|660341|JG.JANTAR BOTANIC 20PCS 043/044|||UN|00||||||
|0220|CJ|1,000|
|0200|810924|PORTA GARRAFA CAMISA EDFORT HB012|||UN|00||||||
|0200|501792|CESTO P/PAO/ALCA CLAR MIMO YK11605|||UN|00||||||
|0200|680941|POTE IPANEMA/TORNEIRA 7L SOYUS|||UN|00||||||
|0200|810861|TAMPA P/GARRAFA ACRIL.EDF.KY033|||UN|00||||||
|0220|CX|1,000|
|0200|500245|POTE PLAST.TAMPA MIMO 2,1L SF11759|||UN|00||||||
|0200|500590|FACA P/FRUTAS MIMO ASA28M|||UN|00||||||
|0200|500632|MOEDOR/SAL/PIMENTA PEQ.MIMO AM1114|||UN|00||||||
|0200|501570|TESOURA P/FRANGO LUXO MIMO ASA57|||UN|00||||||
|0200|810353|PROTETOR P/ALIMENTO 35CM EDF.GL407|||UN|00||||||
|0200|500830|VASO BOCA QUADRADA GRANDE MIMO VD29|||UN|00||||||
|0200|810200|PORTA PAO INOX PEQ.EDF.BREADKB|||UN|00||||||
|0200|500562|PICADOR DE ERVAS 13CM MIMO AM1111|||UN|00||||||
|0200|104620|BANDEJA CRISTAL KOS 600900|||UN|00||||||
|0200|500421|BATEDOR DE OVO FUET MIMO ASA29|||UN|00||||||
|0200|660651|SUP.P/TRAVESSA INOX M.SHOP 023|||UN|00||||||
|0200|500633|GUALHETEIRO 2X1 MIMO AM1120|||UN|00||||||
|0200|500243|POTE PLAST.TAMPA MIMO 0,475L SF11755|||UN|00||||||
|0200|500631|MOEDOR/SAL/PIMENTA 14CM MIMO AM1112|||UN|00||||||
|0200|104600|CREMEIRA CRISTAL KOS 600600|||UN|00||||||
|0200|680951|GALHETEIRO SAPORE 600ML SOYUS|||UN|00||||||
|0200|810071|COPO DE RESINA EDFORT PL272A|||UN|00||||||
|0200|104640|JG.C/6 DESCANSO P/COPO KOS 6003000|||UN|00||||||
|0220|KT|1,000|
|0200|660621|CESTA TERMICA KENYA VM M.SHOP 014|||UN|00||||||
|0200|813472|BANCO DOBRAVEL MEDIO EDFORT ZDD008|||UN|00||||||
|0200|040240|REF.CONSUL F.FREE 437L CRM50 INOX|||UN|00||||||
|0200|030580|LAVALOUCA BRASTEMP 8SERV.BLF08ASB PT|||UN|00||||||
|0200|501181|JG.12COLHER/MESA MIMO AT10VC|||UN|00||||||
|0200|10000|MATERIAL DE USO E CONSUMO|||UN|07||||||
|0200|680961|CONJUNTO COPACABANA 6PÇS SOYUS|||UN|00||||||
|0220|CJ|1,000|
|0500|30092011|01|A|1|116010001|MATERIAIS DE REVENDA|
|0990|666|
|C001|0|
|C100|0|0|800006977|01|00|U|0069653||04102011|04102011|259,00|0|||259,00|9||||259,00|44,03||||||||
|C170|1|180270||1,00000|UN|259,00||0|000|1202||259,00|17,00|44,03|0||0|||||||50|259,00|0,65|||1,68|50|259,00|3,00|||7,77||
|C190|000|1202|17,00|259,00|259,00|44,03|0|0|0|0||
|C100|0|0|800006977|01|00|U|0069654||04102011|04102011|1214,00|0|||1214,00|9||||1214,00|206,38||||||||
|C170|1|180273||1,00000|UN|300,00||0|000|1202||300,00|17,00|51,00|0||0|||||||01|300,00|0,65|||1,95|01|300,00|3,00|||9,00||
|C170|2|200510||1,00000|UN|539,00||0|000|1202||539,00|17,00|91,63|0||0|||||||01|539,00|0,65|||3,50|01|539,00|3,00|||16,17||
|C170|3|330030||1,00000|UN|129,00||0|000|1202||129,00|17,00|21,93|0||0|||||||50|129,00|0,65|||0,84|50|129,00|3,00|||3,87||
|C170|4|290060||1,00000|UN|246,00||0|000|1202||246,00|17,00|41,82|0||0|||||||50|246,00|0,65|||1,60|50|246,00|3,00|||7,38||
|C190|000|1202|17,00|1214,00|1214,00|206,38|0|0|0|0||
|C100|0|0|800006977|01|00|U|0069656||04102011|04102011|129,00|0|||129,00|9||||129,00|21,93||||||||
|C170|1|330030||1,00000|UN|129,00||0|000|1202||129,00|17,00|21,93|0||0|||||||50|129,00|0,65|||0,84|50|129,00|3,00|||3,87||
|C190|000|1202|17,00|129,00|129,00|21,93|0|0|0|0||
|C100|0|0|800006977|01|00|U|0069657||04102011|04102011|458,00|0|||458,00|9||||458,00|77,86||||||||
|C170|1|180270||1,00000|UN|259,00||0|000|1202||259,00|17,00|44,03|0||0|||||||50|259,00|0,65|||1,68|50|259,00|3,00|||7,77||
|C170|2|290270||1,00000|UN|80,00||0|000|1202||80,00|17,00|13,60|0||0|||||||50|80,00|0,65|||0,52|50|80,00|3,00|||2,40||
|C170|3|330010||1,00000|UN|119,00||0|000|1202||119,00|17,00|20,23|0||0|||||||50|119,00|0,65|||0,77|50|119,00|3,00|||3,57||
|C190|000|1202|17,00|458,00|458,00|77,86|0|0|0|0||
|C100|0|0|800006977|01|00|U|0069663||05102011|05102011|943,00|0|||943,00|9||||943,00|160,31||||||||
|C170|1|180203||1,00000|UN|386,00||0|000|1202||386,00|17,00|65,62|0||0|||||||50|386,00|0,65|||2,51|50|386,00|3,00|||11,58||
|C170|2|290300||1,00000|UN|129,00||0|000|1202||129,00|17,00|21,93|0||0|||||||50|129,00|0,65|||0,84|50|129,00|3,00|||3,87||
|C170|3|890370||1,00000|UN|349,00||0|000|1202||349,00|17,00|59,33|0||0|||||||50|349,00|0,65|||2,27|50|349,00|3,00|||10,47||
|C170|4|902511||1,00000|UN|79,00||0|000|1202||79,00|17,00|13,43|0||0|||||||50|79,00|0,65|||0,51|50|79,00|3,00|||2,37||
|C190|000|1202|17,00|943,00|943,00|160,31|0|0|0|0||
|C100|0|0|800006977|01|00|U|0069664||05102011|05102011|665,00|0|||665,00|9||||665,00|113,05||||||||
|C170|1|090240||1,00000|UN|59,00||0|000|1202||59,00|17,00|10,03|0||0|||||||50|59,00|0,65|||0,38|50|59,00|3,00|||1,77||
|C170|2|290060||1,00000|UN|259,00||0|000|1202||259,00|17,00|44,03|0||0|||||||50|259,00|0,65|||1,68|50|259,00|3,00|||7,77||
|C170|3|290300||1,00000|UN|139,00||0|000|1202||139,00|17,00|23,63|0||0|||||||50|139,00|0,65|||0,90|50|139,00|3,00|||4,17||
|C170|4|330030||1,00000|UN|139,00||0|000|1202||139,00|17,00|23,63|0||0|||||||50|139,00|0,65|||0,90|50|139,00|3,00|||4,17||
|C170|5|910785||1,00000|UN|69,00||0|000|1202||69,00|17,00|11,73|0||0|||||||50|69,00|0,65|||0,45|50|69,00|3,00|||2,07||
|C190|000|1202|17,00|665,00|665,00|113,05|0|0|0|0||
|C100|0|0|800006977|01|00|U|0069665||05102011|05102011|1826,00|0|||1826,00|9||||1826,00|310,42||||||||
|C170|1|040123||1,00000|UN|749,00||0|000|1202||749,00|17,00|127,33|0||0|||||||50|749,00|0,65|||4,87|50|749,00|3,00|||22,47||
|C170|2|100210||1,00000|UN|350,00||0|000|1202||350,00|17,00|59,50|0||0|||||||50|350,00|0,65|||2,28|50|350,00|3,00|||10,50||
|C170|3|180203||1,00000|UN|399,00||0|000|1202||399,00|17,00|67,83|0||0|||||||50|399,00|0,65|||2,59|50|399,00|3,00|||11,97||
|C170|4|180270||1,00000|UN|259,00||0|000|1202||259,00|17,00|44,03|0||0|||||||50|259,00|0,65|||1,68|50|259,00|3,00|||7,77||
|C170|5|330210||1,00000|UN|69,00||0|000|1202||69,00|17,00|11,73|0||0|||||||50|69,00|0,65|||0,45|50|69,00|3,00|||2,07||
|C190|000|1202|17,00|1826,00|1826,00|310,42|0|0|0|0||
|C100|0|0|800006977|01|00|U|0069667||05102011|05102011|899,00|0|||899,00|9||||899,00|152,83||||||||
|C170|1|051260||1,00000|UN|899,00||0|000|1202||899,00|17,00|152,83|0||0|||||||50|899,00|0,65|||5,84|50|899,00|3,00|||26,97||
|C190|000|1202|17,00|899,00|899,00|152,83|0|0|0|0||
|C100|0|0|800006977|01|00|U|0069669||06102011|06102011|928,00|0|||928,00|9||||928,00|157,76||||||||
|C170|1|120130||1,00000|UN|49,00||0|000|1202||49,00|17,00|8,33|0||0|||||||50|49,00|0,65|||0,32|50|49,00|3,00|||1,47||
|C170|2|290220||1,00000|UN|79,00||0|000|1202||79,00|17,00|13,43|0||0|||||||50|79,00|0,65|||0,51|50|79,00|3,00|||2,37||
|C170|3|890550||1,00000|UN|199,00||0|000|1202||199,00|17,00|33,83|0||0|||||||50|199,00|0,65|||1,29|50|199,00|3,00|||5,97||
|C170|4|290290||1,00000|UN|110,00||0|000|1202||110,00|17,00|18,70|0||0|||||||50|110,00|0,65|||0,72|50|110,00|3,00|||3,30||
|C170|5|290250||1,00000|UN|119,00||0|000|1202||119,00|17,00|20,23|0||0|||||||50|119,00|0,65|||0,77|50|119,00|3,00|||3,57||
|C170|6|330050||1,00000|UN|59,00||0|000|1202||59,00|17,00|10,03|0||0|||||||50|59,00|0,65|||0,38|50|59,00|3,00|||1,77||
|C170|7|911040||1,00000|UN|45,00||0|000|1202||45,00|17,00|7,65|0||0|||||||50|45,00|0,65|||0,29|50|45,00|3,00|||1,35||
|C170|8|901410||1,00000|UN|119,00||0|000|1202||119,00|17,00|20,23|0||0|||||||50|119,00|0,65|||0,77|50|119,00|3,00|||3,57||
|C170|9|903080||1,00000|UN|149,00||0|000|1202||149,00|17,00|25,33|0||0|||||||50|149,00|0,65|||0,97|50|149,00|3,00|||4,47||
|C190|000|1202|17,00|928,00|928,00|157,76|0|0|0|0||
|C100|0|0|800006977|01|00|U|0069672||07102011|07102011|100,00|0|||100,00|9||||100,00|17,00||||||||
|C170|1|105070||1,00000|UN|100,00||0|000|1202||100,00|17,00|17,00|0||0|||||||50|100,00|0,65|||0,65|50|100,00|3,00|||3,00||
|C190|000|1202|17,00|100,00|100,00|17,00|0|0|0|0||
|C100|0|0|800006977|01|00|U|0069673||07102011|07102011|1603,00|0|||1603,00|9||||1603,00|272,51||||||||
|C170|1|290190||1,00000|UN|55,00||0|000|1202||55,00|17,00|9,35|0||0|||||||50|55,00|0,65|||0,36|50|55,00|3,00|||1,65||
|C170|2|660470||1,00000|UN|22,00||0|000|1202||22,00|17,00|3,74|0||0|||||||50|22,00|0,65|||0,14|50|22,00|3,00|||0,66||
|C170|3|680940||1,00000|UN|55,00||0|000|1202||55,00|17,00|9,35|0||0|||||||50|55,00|0,65|||0,36|50|55,00|3,00|||1,65||
|C170|4|890500||1,00000|UN|99,00||0|000|1202||99,00|17,00|16,83|0||0|||||||50|99,00|0,65|||0,64|50|99,00|3,00|||2,97||
|C170|5|660480||1,00000|UN|25,00||0|000|1202||25,00|17,00|4,25|0||0|||||||50|25,00|0,65|||0,16|50|25,00|3,00|||0,75||
|C170|6|840990||1,00000|UN|125,00||0|000|1202||125,00|17,00|21,25|0||0|||||||50|125,00|0,65|||0,81|50|125,00|3,00|||3,75||
|C170|7|902610||1,00000|UN|399,00||0|000|1202||399,00|17,00|67,83|0||0|||||||50|399,00|0,65|||2,59|50|399,00|3,00|||11,97||
|C170|8|902430||1,00000|UN|279,00||0|000|1202||279,00|17,00|47,43|0||0|||||||50|279,00|0,65|||1,81|50|279,00|3,00|||8,37||
|C170|9|901800||1,00000|UN|39,00||0|000|1202||39,00|17,00|6,63|0||0|||||||50|39,00|0,65|||0,25|50|39,00|3,00|||1,17||
|C170|10|900890||1,00000|UN|38,00||0|000|1202||38,00|17,00|6,46|0||0|||||||50|38,00|0,65|||0,25|50|38,00|3,00|||1,14||
|C170|11|890550||1,00000|UN|229,00||0|000|1202||229,00|17,00|38,93|0||0|||||||50|229,00|0,65|||1,49|50|229,00|3,00|||6,87||
|C170|12|903080||1,00000|UN|139,00||0|000|1202||139,00|17,00|23,63|0||0|||||||50|139,00|0,65|||0,90|50|139,00|3,00|||4,17||
|C170|13|890500||1,00000|UN|99,00||0|000|1202||99,00|17,00|16,83|0||0|||||||50|99,00|0,65|||0,64|50|99,00|3,00|||2,97||
|C190|000|1202|17,00|1603,00|1603,00|272,51|0|0|0|0||
|C100|0|0|800006977|01|00|U|0069674||07102011|07102011|2118,00|0|||2118,00|9||||2118,00|360,06||||||||
|C170|1|040550||1,00000|UN|159,00||0|000|1202||159,00|17,00|27,03|0||0|||||||50|159,00|0,65|||1,03|50|159,00|3,00|||4,77||
|C170|2|050543||1,00000|UN|459,00||0|000|1202||459,00|17,00|78,03|0||0|||||||50|459,00|0,65|||2,98|50|459,00|3,00|||13,77||
|C170|3|180270||1,00000|UN|259,00||0|000|1202||259,00|17,00|44,03|0||0|||||||50|259,00|0,65|||1,68|50|259,00|3,00|||7,77||
|C170|4|100200||1,00000|UN|387,00||0|000|1202||387,00|17,00|65,79|0||0|||||||50|387,00|0,65|||2,52|50|387,00|3,00|||11,61||
|C170|5|290060||1,00000|UN|259,00||0|000|1202||259,00|17,00|44,03|0||0|||||||50|259,00|0,65|||1,68|50|259,00|3,00|||7,77||
|C170|6|290220||1,00000|UN|79,00||0|000|1202||79,00|17,00|13,43|0||0|||||||50|79,00|0,65|||0,51|50|79,00|3,00|||2,37||
|C170|7|290300||1,00000|UN|129,00||0|000|1202||129,00|17,00|21,93|0||0|||||||50|129,00|0,65|||0,84|50|129,00|3,00|||3,87||
|C170|8|330240||1,00000|UN|79,00||0|000|1202||79,00|17,00|13,43|0||0|||||||50|79,00|0,65|||0,51|50|79,00|3,00|||2,37||
|C170|9|330050||1,00000|UN|49,00||0|000|1202||49,00|17,00|8,33|0||0|||||||50|49,00|0,65|||0,32|50|49,00|3,00|||1,47||
|C170|10|290280||1,00000|UN|120,00||0|000|1202||120,00|17,00|20,40|0||0|||||||50|120,00|0,65|||0,78|50|120,00|3,00|||3,60||
|C170|11|330030||1,00000|UN|139,00||0|000|1202||139,00|17,00|23,63|0||0|||||||50|139,00|0,65|||0,90|50|139,00|3,00|||4,17||
|C190|000|1202|17,00|2118,00|2118,00|360,06|0|0|0|0||
|C100|0|0|800006977|01|00|U|0069675||07102011|07102011|1468,00|0|||1468,00|9||||1468,00|249,56||||||||
|C170|1|090240||1,00000|UN|69,00||0|000|1202||69,00|17,00|11,73|0||0|||||||50|69,00|0,65|||0,45|50|69,00|3,00|||2,07||
|C170|2|200390||1,00000|UN|499,00||0|000|1202||499,00|17,00|84,83|0||0|||||||50|499,00|0,65|||3,24|50|499,00|3,00|||14,97||
|C170|3|200520||1,00000|UN|179,00||0|000|1202||179,00|17,00|30,43|0||0|||||||50|179,00|0,65|||1,16|50|179,00|3,00|||5,37||
|C170|4|680940||1,00000|UN|50,00||0|000|1202||50,00|17,00|8,50|0||0|||||||50|50,00|0,65|||0,33|50|50,00|3,00|||1,50||
|C170|5|502202||1,00000|UN|75,00||0|000|1202||75,00|17,00|12,75|0||0|||||||50|75,00|0,65|||0,49|50|75,00|3,00|||2,25||
|C170|6|290340||1,00000|UN|69,00||0|000|1202||69,00|17,00|11,73|0||0|||||||50|69,00|0,65|||0,45|50|69,00|3,00|||2,07||
|C170|7|910810||1,00000|UN|399,00||0|000|1202||399,00|17,00|67,83|0||0|||||||50|399,00|0,65|||2,59|50|399,00|3,00|||11,97||
|C170|8|901541||1,00000|UN|59,00||0|000|1202||59,00|17,00|10,03|0||0|||||||50|59,00|0,65|||0,38|50|59,00|3,00|||1,77||
|C170|9|903570||1,00000|UN|69,00||0|000|1202||69,00|17,00|11,73|0||0|||||||50|69,00|0,65|||0,45|50|69,00|3,00|||2,07||
|C190|000|1202|17,00|1468,00|1468,00|249,56|0|0|0|0||
|C100|0|0|800006977|01|00|U|0069676||07102011|07102011|69,00|0|||69,00|9||||69,00|11,73||||||||
|C170|1|910782||1,00000|UN|69,00||0|000|1202||69,00|17,00|11,73|0||0|||||||50|69,00|0,65|||0,45|50|69,00|3,00|||2,07||
|C190|000|1202|17,00|69,00|69,00|11,73|0|0|0|0||
|C100|0|0|800006977|01|00|U|0069682||08102011|08102011|783,00|0|||783,00|9||||783,00|133,11||||||||
|C170|1|200040||1,00000|UN|783,00||0|000|1202||783,00|17,00|133,11|0||0|||||||50|783,00|0,65|||5,09|50|783,00|3,00|||23,49||
|C190|000|1202|17,00|783,00|783,00|133,11|0|0|0|0||
|C100|0|0|800006977|01|00|U|0069684||10102011|10102011|931,00|0|||931,00|9||||931,00|158,27||||||||
|C170|1|090240||1,00000|UN|59,00||0|000|1202||59,00|17,00|10,03|0||0|||||||50|59,00|0,65|||0,38|50|59,00|3,00|||1,77||
|C170|2|290190||1,00000|UN|69,00||0|000|1202||69,00|17,00|11,73|0||0|||||||50|69,00|0,65|||0,45|50|69,00|3,00|||2,07||
|C170|3|330240||1,00000|UN|89,00||0|000|1202||89,00|17,00|15,13|0||0|||||||50|89,00|0,65|||0,58|50|89,00|3,00|||2,67||
|C170|4|290300||1,00000|UN|139,00||0|000|1202||139,00|17,00|23,63|0||0|||||||50|139,00|0,65|||0,90|50|139,00|3,00|||4,17||
|C170|5|500380||1,00000|UN|50,00||0|000|1202||50,00|17,00|8,50|0||0|||||||50|50,00|0,65|||0,33|50|50,00|3,00|||1,50||
|C170|6|290270||1,00000|UN|99,00||0|000|1202||99,00|17,00|16,83|0||0|||||||50|99,00|0,65|||0,64|50|99,00|3,00|||2,97||
|C170|7|910782||1,00000|UN|69,00||0|000|1202||69,00|17,00|11,73|0||0|||||||50|69,00|0,65|||0,45|50|69,00|3,00|||2,07||
|C170|8|910785||1,00000|UN|69,00||0|000|1202||69,00|17,00|11,73|0||0|||||||50|69,00|0,65|||0,45|50|69,00|3,00|||2,07||
|C170|9|890550||1,00000|UN|199,00||0|000|1202||199,00|17,00|33,83|0||0|||||||50|199,00|0,65|||1,29|50|199,00|3,00|||5,97||
|C170|10|810571||1,00000|UN|89,00||0|000|1202||89,00|17,00|15,13|0||0|||||||50|89,00|0,65|||0,58|50|89,00|3,00|||2,67||
|C190|000|1202|17,00|931,00|931,00|158,27|0|0|0|0||
|C100|0|0|800006977|01|00|U|0069686||11102011|11102011|579,00|0|||579,00|9||||579,00|98,43||||||||
|C170|1|031260||1,00000|UN|579,00||0|000|1202||579,00|17,00|98,43|0||0|||||||50|579,00|0,65|||3,76|50|579,00|3,00|||17,37||
|C190|000|1202|17,00|579,00|579,00|98,43|0|0|0|0||
|C100|0|0|800006977|01|00|U|0069687||11102011|11102011|469,00|0|||469,00|9||||469,00|79,73||||||||
|C170|1|090240||1,00000|UN|69,00||0|000|1202||69,00|17,00|11,73|0||0|||||||50|69,00|0,65|||0,45|50|69,00|3,00|||2,07||
|C170|2|120090||1,00000|UN|69,00||0|000|1202||69,00|17,00|11,73|0||0|||||||50|69,00|0,65|||0,45|50|69,00|3,00|||2,07||
|C170|3|840951||1,00000|UN|29,00||0|000|1202||29,00|17,00|4,93|0||0|||||||50|29,00|0,65|||0,19|50|29,00|3,00|||0,87||
|C170|4|840970||1,00000|UN|59,00||0|000|1202||59,00|17,00|10,03|0||0|||||||50|59,00|0,65|||0,38|50|59,00|3,00|||1,77||
|C170|5|290220||1,00000|UN|89,00||0|000|1202||89,00|17,00|15,13|0||0|||||||50|89,00|0,65|||0,58|50|89,00|3,00|||2,67||
|C170|6|901130||1,00000|UN|85,00||0|000|1202||85,00|17,00|14,45|0||0|||||||50|85,00|0,65|||0,55|50|85,00|3,00|||2,55||
|C170|7|910781||1,00000|UN|69,00||0|000|1202||69,00|17,00|11,73|0||0|||||||50|69,00|0,65|||0,45|50|69,00|3,00|||2,07||
|C190|000|1202|17,00|469,00|469,00|79,73|0|0|0|0||
|C100|0|0|800006977|01|00|U|0069688||11102011|11102011|69,00|0|||69,00|9||||69,00|11,73||||||||
|C170|1|910782||1,00000|UN|69,00||0|000|1202||69,00|17,00|11,73|0||0|||||||50|69,00|0,65|||0,45|50|69,00|3,00|||2,07||
|C190|000|1202|17,00|69,00|69,00|11,73|0|0|0|0||
|C100|0|0|800006977|01|00|U|0069689||11102011|11102011|4509,00|0|||4509,00|9||||4509,00|766,53||||||||
|C170|1|030363||1,00000|UN|1066,00||0|000|1202||1066,00|17,00|181,22|0||0|||||||50|1066,00|0,65|||6,93|50|1066,00|3,00|||31,98||
|C170|2|040133||1,00000|UN|750,00||0|000|1202||750,00|17,00|127,50|0||0|||||||50|750,00|0,65|||4,88|50|750,00|3,00|||22,50||
|C170|3|180790||1,00000|UN|1699,00||0|000|1202||1699,00|17,00|288,83|0||0|||||||50|1699,00|0,65|||11,04|50|1699,00|3,00|||50,97||
|C170|4|290053||1,00000|UN|219,00||0|000|1202||219,00|17,00|37,23|0||0|||||||50|219,00|0,65|||1,42|50|219,00|3,00|||6,57||
|C170|5|890370||1,00000|UN|330,00||0|000|1202||330,00|17,00|56,10|0||0|||||||50|330,00|0,65|||2,15|50|330,00|3,00|||9,90||
|C170|6|150420||1,00000|UN|99,00||0|000|1202||99,00|17,00|16,83|0||0|||||||50|99,00|0,65|||0,64|50|99,00|3,00|||2,97||
|C170|7|902511||1,00000|UN|79,00||0|000|1202||79,00|17,00|13,43|0||0|||||||50|79,00|0,65|||0,51|50|79,00|3,00|||2,37||
|C170|8|901410||1,00000|UN|99,00||0|000|1202||99,00|17,00|16,83|0||0|||||||50|99,00|0,65|||0,64|50|99,00|3,00|||2,97||
|C170|9|910782||1,00000|UN|79,00||0|000|1202||79,00|17,00|13,43|0||0|||||||50|79,00|0,65|||0,51|50|79,00|3,00|||2,37||
|C170|10|950300||1,00000|UN|89,00||0|000|1202||89,00|17,00|15,13|0||0|||||||50|89,00|0,65|||0,58|50|89,00|3,00|||2,67||
|C190|000|1202|17,00|4509,00|4509,00|766,53|0|0|0|0||
|C100|0|0|800006977|01|00|U|0069690||11102011|11102011|1952,00|0|||1952,00|9||||1952,00|331,84||||||||
|C170|1|090240||1,00000|UN|69,00||0|000|1202||69,00|17,00|11,73|0||0|||||||50|69,00|0,65|||0,45|50|69,00|3,00|||2,07||
|C170|2|100200||1,00000|UN|399,00||0|000|1202||399,00|17,00|67,83|0||0|||||||50|399,00|0,65|||2,59|50|399,00|3,00|||11,97||
|C170|3|120090||1,00000|UN|69,00||0|000|1202||69,00|17,00|11,73|0||0|||||||50|69,00|0,65|||0,45|50|69,00|3,00|||2,07||
|C170|4|290340||1,00000|UN|69,00||0|000|1202||69,00|17,00|11,73|0||0|||||||50|69,00|0,65|||0,45|50|69,00|3,00|||2,07||
|C170|5|290270||1,00000|UN|99,00||0|000|1202||99,00|17,00|16,83|0||0|||||||50|99,00|0,65|||0,64|50|99,00|3,00|||2,97||
|C170|6|290300||1,00000|UN|139,00||0|000|1202||139,00|17,00|23,63|0||0|||||||50|139,00|0,65|||0,90|50|139,00|3,00|||4,17||
|C170|7|910785||1,00000|UN|69,00||0|000|1202||69,00|17,00|11,73|0||0|||||||50|69,00|0,65|||0,45|50|69,00|3,00|||2,07||
|C170|8|890550||1,00000|UN|199,00||0|000|1202||199,00|17,00|33,83|0||0|||||||50|199,00|0,65|||1,29|50|199,00|3,00|||5,97||
|C170|9|901130||1,00000|UN|85,00||0|000|1202||85,00|17,00|14,45|0||0|||||||50|85,00|0,65|||0,55|50|85,00|3,00|||2,55||
|C170|10|330010||1,00000|UN|119,00||0|000|1202||119,00|17,00|20,23|0||0|||||||50|119,00|0,65|||0,77|50|119,00|3,00|||3,57||
|C170|11|330130||1,00000|UN|229,00||0|000|1202||229,00|17,00|38,93|0||0|||||||50|229,00|0,65|||1,49|50|229,00|3,00|||6,87||
|C170|12|902511||1,00000|UN|90,00||0|000|1202||90,00|17,00|15,30|0||0|||||||50|90,00|0,65|||0,59|50|90,00|3,00|||2,70||
|C170|13|840432||1,00000|UN|69,00||0|000|1202||69,00|17,00|11,73|0||0|||||||50|69,00|0,65|||0,45|50|69,00|3,00|||2,07||
|C170|14|660292||1,00000|UN|59,00||0|000|1202||59,00|17,00|10,03|0||0|||||||50|59,00|0,65|||0,38|50|59,00|3,00|||1,77||
|C170|15|950141||1,00000|UN|189,00||0|000|1202||189,00|17,00|32,13|0||0|||||||50|189,00|0,65|||1,23|50|189,00|3,00|||5,67||
|C190|000|1202|17,00|1952,00|1952,00|331,84|0|0|0|0||
|C100|0|0|800006977|01|00|U|0069691||11102011|11102011|2707,00|0|||2707,00|9||||2632,00|447,44||||||||
|C170|1|040423||1,00000|UN|749,00||0|000|1202||749,00|17,00|127,33|0||0|||||||50|749,00|0,65|||4,87|50|749,00|3,00|||22,47||
|C170|2|102801||1,00000|UN|122,00||0|000|1202||122,00|17,00|20,74|0||0|||||||50|122,00|0,65|||0,79|50|122,00|3,00|||3,66||
|C170|3|290060||1,00000|UN|299,00||0|000|1202||299,00|17,00|50,83|0||0|||||||50|299,00|0,65|||1,94|50|299,00|3,00|||8,97||
|C170|4|290220||1,00000|UN|89,00||0|000|1202||89,00|17,00|15,13|0||0|||||||50|89,00|0,65|||0,58|50|89,00|3,00|||2,67||
|C170|5|290190||1,00000|UN|69,00||0|000|1202||69,00|17,00|11,73|0||0|||||||50|69,00|0,65|||0,45|50|69,00|3,00|||2,07||
|C170|6|120020||1,00000|UN|94,00||0|000|1202||94,00|17,00|15,98|0||0|||||||50|94,00|0,65|||0,61|50|94,00|3,00|||2,82||
|C170|7|290280||1,00000|UN|119,00||0|000|1202||119,00|17,00|20,23|0||0|||||||50|119,00|0,65|||0,77|50|119,00|3,00|||3,57||
|C170|8|890360||1,00000|UN|149,00||0|000|1202||149,00|17,00|25,33|0||0|||||||50|149,00|0,65|||0,97|50|149,00|3,00|||4,47||
|C170|9|890370||1,00000|UN|328,00||0|000|1202||328,00|17,00|55,76|0||0|||||||50|328,00|0,65|||2,13|50|328,00|3,00|||9,84||
|C170|10|710270||1,00000|UN|75,00||0|041|1202|||||0||0|||||||50|75,00|0,65|||0,49|50|75,00|3,00|||2,25||
|C170|11|330240||1,00000|UN|79,00||0|000|1202||79,00|17,00|13,43|0||0|||||||50|79,00|0,65|||0,51|50|79,00|3,00|||2,37||
|C170|12|290340||1,00000|UN|69,00||0|000|1202||69,00|17,00|11,73|0||0|||||||50|69,00|0,65|||0,45|50|69,00|3,00|||2,07||
|C170|13|330250||1,00000|UN|99,00||0|000|1202||99,00|17,00|16,83|0||0|||||||50|99,00|0,65|||0,64|50|99,00|3,00|||2,97||
|C170|14|500082||1,00000|UN|49,00||0|000|1202||49,00|17,00|8,33|0||0|||||||50|49,00|0,65|||0,32|50|49,00|3,00|||1,47||
|C170|15|890550||1,00000|UN|199,00||0|000|1202||199,00|17,00|33,83|0||0|||||||50|199,00|0,65|||1,29|50|199,00|3,00|||5,97||
|C170|16|901410||1,00000|UN|119,00||0|000|1202||119,00|17,00|20,23|0||0|||||||50|119,00|0,65|||0,77|50|119,00|3,00|||3,57||
|C190|000|1202|17,00|2632,00|2632,00|447,44|0|0|0|0||
|C190|041|1202||75,00|0|0|0|0|0|0||
|C100|0|0|800006977|01|00|U|0069692||11102011|11102011|1477,00|0|||1477,00|9||||1477,00|251,09||||||||
|C170|1|050620||1,00000|UN|1199,00||0|000|1202||1199,00|17,00|203,83|0||0|||||||50|1199,00|0,65|||7,79|50|1199,00|3,00|||35,97||
|C170|2|105200||1,00000|UN|129,00||0|000|1202||129,00|17,00|21,93|0||0|||||||50|129,00|0,65|||0,84|50|129,00|3,00|||3,87||
|C170|3|120070||1,00000|UN|149,00||0|000|1202||149,00|17,00|25,33|0||0|||||||50|149,00|0,65|||0,97|50|149,00|3,00|||4,47||
|C190|000|1202|17,00|1477,00|1477,00|251,09|0|0|0|0||
|C100|0|0|800006977|01|00|U|0069693||11102011|11102011|4194,00|0|||4194,00|9||||4194,00|712,98||||||||
|C170|1|102202||1,00000|UN|149,00||0|000|1202||149,00|17,00|25,33|0||0|||||||50|149,00|0,65|||0,97|50|149,00|3,00|||4,47||
|C170|2|120080||1,00000|UN|139,00||0|000|1202||139,00|17,00|23,63|0||0|||||||50|139,00|0,65|||0,90|50|139,00|3,00|||4,17||
|C170|3|330150||1,00000|UN|369,00||0|000|1202||369,00|17,00|62,73|0||0|||||||50|369,00|0,65|||2,40|50|369,00|3,00|||11,07||
|C170|4|290350||1,00000|UN|149,00||0|000|1202||149,00|17,00|25,33|0||0|||||||50|149,00|0,65|||0,97|50|149,00|3,00|||4,47||
|C170|5|200050||1,00000|UN|1998,00||0|000|1202||1998,00|17,00|339,66|0||0|||||||50|1998,00|0,65|||12,99|50|1998,00|3,00|||59,94||
|C170|6|290290||1,00000|UN|99,00||0|000|1202||99,00|17,00|16,83|0||0|||||||50|99,00|0,65|||0,64|50|99,00|3,00|||2,97||
|C170|7|880080||1,00000|UN|89,00||0|000|1202||89,00|17,00|15,13|0||0|||||||50|89,00|0,65|||0,58|50|89,00|3,00|||2,67||
|C170|8|880070||1,00000|UN|119,00||0|000|1202||119,00|17,00|20,23|0||0|||||||50|119,00|0,65|||0,77|50|119,00|3,00|||3,57||
|C170|9|880270||1,00000|UN|79,00||0|000|1202||79,00|17,00|13,43|0||0|||||||50|79,00|0,65|||0,51|50|79,00|3,00|||2,37||
|C170|10|880030||1,00000|UN|69,00||0|000|1202||69,00|17,00|11,73|0||0|||||||50|69,00|0,65|||0,45|50|69,00|3,00|||2,07||
|C170|11|890501||1,00000|UN|99,00||0|000|1202||99,00|17,00|16,83|0||0|||||||50|99,00|0,65|||0,64|50|99,00|3,00|||2,97||
|C170|12|890520||1,00000|UN|99,00||0|000|1202||99,00|17,00|16,83|0||0|||||||50|99,00|0,65|||0,64|50|99,00|3,00|||2,97||
|C170|13|330150||1,00000|UN|369,00||0|000|1202||369,00|17,00|62,73|0||0|||||||50|369,00|0,65|||2,40|50|369,00|3,00|||11,07||
|C170|14|330250||1,00000|UN|99,00||0|000|1202||99,00|17,00|16,83|0||0|||||||50|99,00|0,65|||0,64|50|99,00|3,00|||2,97||
|C170|15|900750||1,00000|UN|269,00||0|000|1202||269,00|17,00|45,73|0||0|||||||50|269,00|0,65|||1,75|50|269,00|3,00|||8,07||
|C190|000|1202|17,00|4194,00|4194,00|712,98|0|0|0|0||
|C100|0|0|800006977|01|00|U|0069696||13102011|13102011|598,00|0|||598,00|9||||598,00|101,66||||||||
|C170|1|180270||1,00000|UN|250,00||0|000|1202||250,00|17,00|42,50|0||0|||||||50|250,00|0,65|||1,63|50|250,00|3,00|||7,50||
|C170|2|290060||1,00000|UN|299,00||0|000|1202||299,00|17,00|50,83|0||0|||||||50|299,00|0,65|||1,94|50|299,00|3,00|||8,97||
|C170|3|810080||1,00000|UN|49,00||0|000|1202||49,00|17,00|8,33|0||0|||||||50|49,00|0,65|||0,32|50|49,00|3,00|||1,47||
|C190|000|1202|17,00|598,00|598,00|101,66|0|0|0|0||
|C100|0|0|800006977|01|00|U|0069697||14102011|14102011|259,00|0|||259,00|9||||259,00|44,03||||||||
|C170|1|180270||1,00000|UN|259,00||0|000|1202||259,00|17,00|44,03|0||0|||||||50|259,00|0,65|||1,68|50|259,00|3,00|||7,77||
|C190|000|1202|17,00|259,00|259,00|44,03|0|0|0|0||
|C100|0|0|800006977|01|00|U|0069699||14102011|14102011|278,00|0|||278,00|9||||278,00|47,26||||||||
|C170|1|890550||1,00000|UN|199,00||0|000|1202||199,00|17,00|33,83|0||0|||||||50|199,00|0,65|||1,29|50|199,00|3,00|||5,97||
|C170|2|902511||1,00000|UN|79,00||0|000|1202||79,00|17,00|13,43|0||0|||||||50|79,00|0,65|||0,51|50|79,00|3,00|||2,37||
|C190|000|1202|17,00|278,00|278,00|47,26|0|0|0|0||
|C100|0|0|800006977|01|00|U|0069700||14102011|14102011|568,00|0|||568,00|9||||568,00|96,56||||||||
|C170|1|031240||1,00000|UN|269,00||0|000|1202||269,00|17,00|45,73|0||0|||||||50|269,00|0,65|||1,75|50|269,00|3,00|||8,07||
|C170|2|180260||1,00000|UN|299,00||0|000|1202||299,00|17,00|50,83|0||0|||||||50|299,00|0,65|||1,94|50|299,00|3,00|||8,97||
|C190|000|1202|17,00|568,00|568,00|96,56|0|0|0|0||
|C100|0|0|800006977|01|00|U|0069704||14102011|14102011|45,00|0|||45,00|9||||45,00|7,65||||||||
|C170|1|850010||1,00000|UN|45,00||0|000|1202||45,00|17,00|7,65|0||0|||||||50|45,00|0,65|||0,29|50|45,00|3,00|||1,35||
|C190|000|1202|17,00|45,00|45,00|7,65|0|0|0|0||
|C100|0|0|800006977|01|00|U|0069706||15102011|15102011|906,00|0|||906,00|9||||906,00|154,02||||||||
|C170|1|100210||1,00000|UN|379,00||0|000|1202||379,00|17,00|64,43|0||0|||||||50|379,00|0,65|||2,46|50|379,00|3,00|||11,37||
|C170|2|120020||1,00000|UN|109,00||0|000|1202||109,00|17,00|18,53|0||0|||||||50|109,00|0,65|||0,71|50|109,00|3,00|||3,27||
|C170|3|813400||1,00000|UN|279,00||0|000|1202||279,00|17,00|47,43|0||0|||||||50|279,00|0,65|||1,81|50|279,00|3,00|||8,37||
|C170|4|120070||1,00000|UN|139,00||0|000|1202||139,00|17,00|23,63|0||0|||||||50|139,00|0,65|||0,90|50|139,00|3,00|||4,17||
|C190|000|1202|17,00|906,00|906,00|154,02|0|0|0|0||
|C100|0|0|800006977|01|00|U|0069709||15102011|15102011|249,00|0|||249,00|9||||249,00|42,33||||||||
|C170|1|890640||1,00000|UN|249,00||0|000|1202||249,00|17,00|42,33|0||0|||||||50|249,00|0,65|||1,62|50|249,00|3,00|||7,47||
|C190|000|1202|17,00|249,00|249,00|42,33|0|0|0|0||
|C100|0|0|800006977|01|00|U|0069712||17102011|17102011|2263,00|0|||2263,00|9||||2263,00|384,71||||||||
|C170|1|051220||1,00000|UN|949,00||0|000|1202||949,00|17,00|161,33|0||0|||||||50|949,00|0,65|||6,17|50|949,00|3,00|||28,47||
|C170|2|100210||1,00000|UN|379,00||0|000|1202||379,00|17,00|64,43|0||0|||||||50|379,00|0,65|||2,46|50|379,00|3,00|||11,37||
|C170|3|180273||1,00000|UN|309,00||0|000|1202||309,00|17,00|52,53|0||0|||||||50|309,00|0,65|||2,01|50|309,00|3,00|||9,27||
|C170|4|290060||1,00000|UN|259,00||0|000|1202||259,00|17,00|44,03|0||0|||||||50|259,00|0,65|||1,68|50|259,00|3,00|||7,77||
|C170|5|290190||1,00000|UN|53,00||0|000|1202||53,00|17,00|9,01|0||0|||||||50|53,00|0,65|||0,34|50|53,00|3,00|||1,59||
|C170|6|330090||1,00000|UN|115,00||0|000|1202||115,00|17,00|19,55|0||0|||||||50|115,00|0,65|||0,75|50|115,00|3,00|||3,45||
|C170|7|501330||1,00000|UN|199,00||0|000|1202||199,00|17,00|33,83|0||0|||||||50|199,00|0,65|||1,29|50|199,00|3,00|||5,97||
|C190|000|1202|17,00|2263,00|2263,00|384,71|0|0|0|0||
|C100|0|0|800006977|01|00|U|0069715||17102011|17102011|32,00|0|||32,00|9||||32,00|5,44||||||||
|C170|1|901700||1,00000|UN|32,00||0|000|1202||32,00|17,00|5,44|0||0|||||||50|32,00|0,65|||0,21|50|32,00|3,00|||0,96||
|C190|000|1202|17,00|32,00|32,00|5,44|0|0|0|0||
|C100|0|0|800006977|01|00|U|0069716||17102011|17102011|2971,00|0|||2971,00|9||||2971,00|505,07||||||||
|C170|1|030383||1,00000|UN|663,00||0|000|1202||663,00|17,00|112,71|0||0|||||||50|663,00|0,65|||4,31|50|663,00|3,00|||19,89||
|C170|2|040123||1,00000|UN|749,00||0|000|1202||749,00|17,00|127,33|0||0|||||||50|749,00|0,65|||4,87|50|749,00|3,00|||22,47||
|C170|3|180770||1,00000|UN|1149,00||0|000|1202||1149,00|17,00|195,33|0||0|||||||50|1149,00|0,65|||7,47|50|1149,00|3,00|||34,47||
|C170|4|180270||1,00000|UN|251,00||0|000|1202||251,00|17,00|42,67|0||0|||||||50|251,00|0,65|||1,63|50|251,00|3,00|||7,53||
|C170|5|120050||1,00000|UN|159,00||0|000|1202||159,00|17,00|27,03|0||0|||||||50|159,00|0,65|||1,03|50|159,00|3,00|||4,77||
|C190|000|1202|17,00|2971,00|2971,00|505,07|0|0|0|0||
|C100|0|0|800006977|01|00|U|0069721||19102011|19102011|99,00|0|||99,00|9||||99,00|16,83||||||||
|C170|1|090010||1,00000|UN|99,00||0|000|1202||99,00|17,00|16,83|0||0|||||||50|99,00|0,65|||0,64|50|99,00|3,00|||2,97||
|C190|000|1202|17,00|99,00|99,00|16,83|0|0|0|0||
|C100|0|0|800006977|01|00|U|0069722||19102011|19102011|778,00|0|||778,00|9||||778,00|132,26||||||||
|C170|1|040470||1,00000|UN|399,00||0|000|1202||399,00|17,00|67,83|0||0|||||||50|399,00|0,65|||2,59|50|399,00|3,00|||11,97||
|C170|2|100210||1,00000|UN|379,00||0|000|1202||379,00|17,00|64,43|0||0|||||||50|379,00|0,65|||2,46|50|379,00|3,00|||11,37||
|C190|000|1202|17,00|778,00|778,00|132,26|0|0|0|0||
|C100|0|0|800006977|01|00|U|0069724||19102011|19102011|130,00|0|||130,00|9||||130,00|22,10||||||||
|C170|1|520440||1,00000|UN|71,00||0|000|1202||71,00|17,00|12,07|0||0|||||||50|71,00|0,65|||0,46|50|71,00|3,00|||2,13||
|C170|2|901541||1,00000|UN|59,00||0|000|1202||59,00|17,00|10,03|0||0|||||||50|59,00|0,65|||0,38|50|59,00|3,00|||1,77||
|C190|000|1202|17,00|130,00|130,00|22,10|0|0|0|0||
|C100|0|0|800006977|01|00|U|0069739||25102011|25102011|39,00|0|||39,00|9||||39,00|6,63||||||||
|C170|1|850280||1,00000|UN|39,00||0|000|1202||39,00|17,00|6,63|0||0|||||||50|39,00|0,65|||0,25|50|39,00|3,00|||1,17||
|C190|000|1202|17,00|39,00|39,00|6,63|0|0|0|0||
|C100|0|0|800006977|01|00|U|0069742||25102011|25102011|539,00|0|||539,00|9||||539,00|91,63||||||||
|C170|1|030533||1,00000|UN|539,00||0|000|1202||539,00|17,00|91,63|0||0|||||||50|539,00|0,65|||3,50|50|539,00|3,00|||16,17||
|C190|000|1202|17,00|539,00|539,00|91,63|0|0|0|0||
|C100|0|0|800006977|01|00|U|0069744||25102011|25102011|782,00|0|||782,00|9||||782,00|132,94||||||||
|C170|1|105106||1,00000|UN|59,00||0|000|1202||59,00|17,00|10,03|0||0|||||||50|59,00|0,65|||0,38|50|59,00|3,00|||1,77||
|C170|2|105300||1,00000|UN|60,00||0|000|1202||60,00|17,00|10,20|0||0|||||||50|60,00|0,65|||0,39|50|60,00|3,00|||1,80||
|C170|3|290280||1,00000|UN|119,00||0|000|1202||119,00|17,00|20,23|0||0|||||||50|119,00|0,65|||0,77|50|119,00|3,00|||3,57||
|C170|4|330240||1,00000|UN|89,00||0|000|1202||89,00|17,00|15,13|0||0|||||||50|89,00|0,65|||0,58|50|89,00|3,00|||2,67||
|C170|5|150040||1,00000|UN|59,00||0|000|1202||59,00|17,00|10,03|0||0|||||||50|59,00|0,65|||0,38|50|59,00|3,00|||1,77||
|C170|6|502190||1,00000|UN|55,00||0|000|1202||55,00|17,00|9,35|0||0|||||||50|55,00|0,65|||0,36|50|55,00|3,00|||1,65||
|C170|7|910782||1,00000|UN|79,00||0|000|1202||79,00|17,00|13,43|0||0|||||||50|79,00|0,65|||0,51|50|79,00|3,00|||2,37||
|C170|8|901130||1,00000|UN|85,00||0|000|1202||85,00|17,00|14,45|0||0|||||||50|85,00|0,65|||0,55|50|85,00|3,00|||2,55||
|C170|9|900890||1,00000|UN|38,00||0|000|1202||38,00|17,00|6,46|0||0|||||||50|38,00|0,65|||0,25|50|38,00|3,00|||1,14||
|C170|10|950143||1,00000|UN|139,00||0|000|1202||139,00|17,00|23,63|0||0|||||||50|139,00|0,65|||0,90|50|139,00|3,00|||4,17||
|C190|000|1202|17,00|782,00|782,00|132,94|0|0|0|0||
|C100|0|0|800006977|01|00|U|0069748||26102011|26102011|246,00|0|||246,00|9||||246,00|41,82||||||||
|C170|1|290060||1,00000|UN|246,00||0|000|1202||246,00|17,00|41,82|0||0|||||||50|246,00|0,65|||1,60|50|246,00|3,00|||7,38||
|C190|000|1202|17,00|246,00|246,00|41,82|0|0|0|0||
|C100|0|0|800006977|01|00|U|0069749||26102011|26102011|793,00|0|||793,00|9||||793,00|134,81||||||||
|C170|1|180270||1,00000|UN|252,00||0|000|1202||252,00|17,00|42,84|0||0|||||||50|252,00|0,65|||1,64|50|252,00|3,00|||7,56||
|C170|2|290270||1,00000|UN|99,00||0|000|1202||99,00|17,00|16,83|0||0|||||||50|99,00|0,65|||0,64|50|99,00|3,00|||2,97||
|C170|3|290290||1,00000|UN|119,00||0|000|1202||119,00|17,00|20,23|0||0|||||||50|119,00|0,65|||0,77|50|119,00|3,00|||3,57||
|C170|4|290290||1,00000|UN|94,00||0|000|1202||94,00|17,00|15,98|0||0|||||||50|94,00|0,65|||0,61|50|94,00|3,00|||2,82||
|C170|5|330130||1,00000|UN|229,00||0|000|1202||229,00|17,00|38,93|0||0|||||||50|229,00|0,65|||1,49|50|229,00|3,00|||6,87||
|C190|000|1202|17,00|793,00|793,00|134,81|0|0|0|0||
|C100|0|0|800006977|01|00|U|0069750||26102011|26102011|289,00|0|||289,00|9||||289,00|49,13||||||||
|C170|1|160170||1,00000|UN|190,00||0|000|1202||190,00|17,00|32,30|0||0|||||||50|190,00|0,65|||1,24|50|190,00|3,00|||5,70||
|C170|2|900591||1,00000|UN|99,00||0|000|1202||99,00|17,00|16,83|0||0|||||||50|99,00|0,65|||0,64|50|99,00|3,00|||2,97||
|C190|000|1202|17,00|289,00|289,00|49,13|0|0|0|0||
|C100|0|0|800006977|01|00|U|0069751||26102011|26102011|398,00|0|||398,00|9||||398,00|67,66||||||||
|C170|1|120120||1,00000|UN|279,00||0|000|1202||279,00|17,00|47,43|0||0|||||||50|279,00|0,65|||1,81|50|279,00|3,00|||8,37||
|C170|2|180290||1,00000|UN|119,00||0|000|1202||119,00|17,00|20,23|0||0|||||||50|119,00|0,65|||0,77|50|119,00|3,00|||3,57||
|C190|000|1202|17,00|398,00|398,00|67,66|0|0|0|0||
|C100|0|0|800006977|01|00|U|0069753||26102011|26102011|1032,00|0|||1032,00|9||||1032,00|175,44||||||||
|C170|1|150310||1,00000|UN|89,00||0|000|1202||89,00|17,00|15,13|0||0|||||||50|89,00|0,65|||0,58|50|89,00|3,00|||2,67||
|C170|2|180590||1,00000|UN|240,00||0|000|1202||240,00|17,00|40,80|0||0|||||||50|240,00|0,65|||1,56|50|240,00|3,00|||7,20||
|C170|3|902511||1,00000|UN|90,00||0|000|1202||90,00|17,00|15,30|0||0|||||||50|90,00|0,65|||0,59|50|90,00|3,00|||2,70||
|C170|4|900740||1,00000|UN|169,00||0|000|1202||169,00|17,00|28,73|0||0|||||||50|169,00|0,65|||1,10|50|169,00|3,00|||5,07||
|C170|5|290220||1,00000|UN|79,00||0|000|1202||79,00|17,00|13,43|0||0|||||||50|79,00|0,65|||0,51|50|79,00|3,00|||2,37||
|C170|6|813650||1,00000|UN|49,00||0|000|1202||49,00|17,00|8,33|0||0|||||||50|49,00|0,65|||0,32|50|49,00|3,00|||1,47||
|C170|7|910785||1,00000|UN|79,00||0|000|1202||79,00|17,00|13,43|0||0|||||||50|79,00|0,65|||0,51|50|79,00|3,00|||2,37||
|C170|8|910784||1,00000|UN|69,00||0|000|1202||69,00|17,00|11,73|0||0|||||||50|69,00|0,65|||0,45|50|69,00|3,00|||2,07||
|C170|9|910781||1,00000|UN|69,00||0|000|1202||69,00|17,00|11,73|0||0|||||||50|69,00|0,65|||0,45|50|69,00|3,00|||2,07||
|C170|10|950300||1,00000|UN|99,00||0|000|1202||99,00|17,00|16,83|0||0|||||||50|99,00|0,65|||0,64|50|99,00|3,00|||2,97||
|C190|000|1202|17,00|1032,00|1032,00|175,44|0|0|0|0||
|C100|0|0|800006977|01|00|U|0069754||26102011|26102011|870,00|0|||870,00|9||||870,00|147,90||||||||
|C170|1|180270||1,00000|UN|259,00||0|000|1202||259,00|17,00|44,03|0||0|||||||50|259,00|0,65|||1,68|50|259,00|3,00|||7,77||
|C170|2|290190||1,00000|UN|60,00||0|000|1202||60,00|17,00|10,20|0||0|||||||50|60,00|0,65|||0,39|50|60,00|3,00|||1,80||
|C170|3|502300||1,00000|UN|20,00||0|000|1202||20,00|17,00|3,40|0||0|||||||50|20,00|0,65|||0,13|50|20,00|3,00|||0,60||
|C170|4|330090||1,00000|UN|119,00||0|000|1202||119,00|17,00|20,23|0||0|||||||50|119,00|0,65|||0,77|50|119,00|3,00|||3,57||
|C170|5|500082||1,00000|UN|49,00||0|000|1202||49,00|17,00|8,33|0||0|||||||50|49,00|0,65|||0,32|50|49,00|3,00|||1,47||
|C170|6|330010||1,00000|UN|119,00||0|000|1202||119,00|17,00|20,23|0||0|||||||50|119,00|0,65|||0,77|50|119,00|3,00|||3,57||
|C170|7|910782||1,00000|UN|79,00||0|000|1202||79,00|17,00|13,43|0||0|||||||50|79,00|0,65|||0,51|50|79,00|3,00|||2,37||
|C170|8|901410||1,00000|UN|110,00||0|000|1202||110,00|17,00|18,70|0||0|||||||50|110,00|0,65|||0,72|50|110,00|3,00|||3,30||
|C170|9|680940||1,00000|UN|55,00||0|000|1202||55,00|17,00|9,35|0||0|||||||50|55,00|0,65|||0,36|50|55,00|3,00|||1,65||
|C190|000|1202|17,00|870,00|870,00|147,90|0|0|0|0||
|C100|0|0|800006977|01|00|U|0069757||27102011|27102011|247,00|0|||247,00|9||||247,00|41,99||||||||
|C170|1|290280||1,00000|UN|139,00||0|000|1202||139,00|17,00|23,63|0||0|||||||50|139,00|0,65|||0,90|50|139,00|3,00|||4,17||
|C170|2|813510||1,00000|UN|49,00||0|000|1202||49,00|17,00|8,33|0||0|||||||50|49,00|0,65|||0,32|50|49,00|3,00|||1,47||
|C170|3|900331||1,00000|UN|59,00||0|000|1202||59,00|17,00|10,03|0||0|||||||50|59,00|0,65|||0,38|50|59,00|3,00|||1,77||
|C190|000|1202|17,00|247,00|247,00|41,99|0|0|0|0||
|C100|0|0|800006977|01|00|U|0069765||29102011|29102011|308,00|0|||308,00|9||||308,00|52,36||||||||
|C170|1|120130||1,00000|UN|49,00||0|000|1202||49,00|17,00|8,33|0||0|||||||50|49,00|0,65|||0,32|50|49,00|3,00|||1,47||
|C170|2|180270||1,00000|UN|259,00||0|000|1202||259,00|17,00|44,03|0||0|||||||50|259,00|0,65|||1,68|50|259,00|3,00|||7,77||
|C190|000|1202|17,00|308,00|308,00|52,36|0|0|0|0||
|C100|0|0|800006977|01|00|U|0069768||29102011|29102011|4800,00|0|||4800,00|9||||4800,00|816,00||||||||
|C170|1|030100||1,00000|UN|2976,00||0|000|1202||2976,00|17,00|505,92|0||0|||||||50|2976,00|0,65|||19,34|50|2976,00|3,00|||89,28||
|C170|2|180190||1,00000|UN|575,00||0|000|1202||575,00|17,00|97,75|0||0|||||||50|575,00|0,65|||3,74|50|575,00|3,00|||17,25||
|C170|3|950460||1,00000|UN|1249,00||0|000|1202||1249,00|17,00|212,33|0||0|||||||50|1249,00|0,65|||8,12|50|1249,00|3,00|||37,47||
|C190|000|1202|17,00|4800,00|4800,00|816,00|0|0|0|0||
|C100|0|0|800006977|01|00|U|0069769||31102011|31102011|198,00|0|||198,00|9||||198,00|33,66||||||||
|C170|1|090240||1,00000|UN|69,00||0|000|1202||69,00|17,00|11,73|0||0|||||||50|69,00|0,65|||0,45|50|69,00|3,00|||2,07||
|C170|2|330030||1,00000|UN|129,00||0|000|1202||129,00|17,00|21,93|0||0|||||||50|129,00|0,65|||0,84|50|129,00|3,00|||3,87||
|C190|000|1202|17,00|198,00|198,00|33,66|0|0|0|0||
|C100|0|1|800006977|01|00|1|0000160||25102011|25102011|374,43|0|||374,43|9||||0|0||||||||
|C170|1|290180||2,00000|UN|53,78||0|041|1949|||||0||0||||||||||||||||||||
|C170|2|290200||1,00000|UN|61,22||0|041|1949|||||0||0||||||||||||||||||||
|C170|3|290210||1,00000|UN|187,10||0|041|1949|||||0||0||||||||||||||||||||
|C170|4|290250||1,00000|UN|72,33||0|041|1949|||||0||0||||||||||||||||||||
|C190|041|1949||374,43|0|0|0|0|0|0||
|C100|0|1|800006977|01|00|1|0000162||25102011|25102011|766,52|0|||766,52|9||||0|0||||||||
|C170|1|120080||3,00000|UN|256,47||0|041|1949|||||0||0||||||||||||||||||||
|C170|2|120090||1,00000|UN|42,35||0|041|1949|||||0||0||||||||||||||||||||
|C170|3|150040||3,00000|UN|104,10||0|041|1949|||||0||0||||||||||||||||||||
|C170|4|150420||6,00000|UN|363,60||0|041|1949|||||0||0||||||||||||||||||||
|C190|041|1949||766,52|0|0|0|0|0|0||
|C100|0|0|800006977|01|00|U|0069714||17102011|17102011|445,73|0|||445,73|9||||0|0||||||||
|C170|1|220013||1,00000|UN|445,73||0|041|1949|||||0||0||||||||||||||||||||
|C190|041|1949||445,73|0|0|0|0|0|0||
|C100|0|0|800006977|01|00|U|0069755||26102011|26102011|2499,00|0|||2499,00|9||||2499,00|424,83||||||||
|C170|1|030850||1,00000|UN|2499,00||0|000|1202||2499,00|17,00|424,83|0||0|||||||50|2499,00|0,65|||16,24|50|2499,00|3,00|||74,97||
|C190|000|1202|17,00|2499,00|2499,00|424,83|0|0|0|0||
|C100|1|0|99901097|01|00|U|0069731||20102011|20102011|159,00|0|||159,00|9||||0|0||||||||
|C170|1|120130||1,00000|UN|49,00||0|041|5949|||||0||0|||||||99||||||99|||||||
|C170|2|120150||1,00000|UN|55,00||0|041|5949|||||0||0|||||||99||||||99|||||||
|C170|3|290190||1,00000|UN|55,00||0|041|5949|||||0||0|||||||99||||||99|||||||
|C190|041|5949||159,00|0|0|0|0|0|0||
|C100|1|0|11514|01|00|U|0069734||21102011|21102011|78,00|0|||78,00|9||||0|0||||||||
|C170|1|650200||2,00000|UN|78,00||0|041|5949|||||0||0|||||||99||||||99|||||||
|C190|041|5949||78,00|0|0|0|0|0|0||
|C100|1|0|800007182|01|00|U|0069717||18102011|18102011|69,00|0|||69,00|9||||0|0||||||||
|C170|1|330210||1,00000|UN|69,00||0|041|5949|||||0||0|||||||99||||||99|||||||
|C190|041|5949||69,00|0|0|0|0|0|0||
|C100|1|0|800007154|01|00|U|0069695||13102011|13102011|1649,00|0|||1649,00|9||||0|0||||||||
|C170|1|200040||1,00000|UN|1649,00||0|041|5949|||||0||0|||||||99||||||99|||||||
|C190|041|5949||1649,00|0|0|0|0|0|0||
|C100|1|0|800008064|01|00|U|0069732||21102011|21102011|150,00|0|||150,00|9||||0|0||||||||
|C170|1|501740||1,00000|UN|59,00||0|041|5949|||||0||0|||||||99||||||99|||||||
|C170|2|680020||1,00000|UN|39,00||0|041|5949|||||0||0|||||||99||||||99|||||||
|C170|3|680760||2,00000|UN|52,00||0|041|5949|||||0||0|||||||99||||||99|||||||
|C190|041|5949||150,00|0|0|0|0|0|0||
|C100|1|0|800008063|01|00|U|0069662||05102011|05102011|45,00|0|||45,00|9||||0|0||||||||
|C170|1|520212||1,00000|UN|45,00||0|041|5949|||||0||0|||||||99||||||99|||||||
|C190|041|5949||45,00|0|0|0|0|0|0||
|C100|1|0|3154|01|00|U|0069701||14102011|14102011|1230,00|0|||1230,00|9||||0|0||||||||
|C170|1|030680||1,00000|UN|1230,00||0|041|5949|||||0||0|||||||99||||||99|||||||
|C190|041|5949||1230,00|0|0|0|0|0|0||
|C100|1|0|800008040|01|00|U|0069733||21102011|21102011|379,00|0|||379,00|9||||0|0||||||||
|C170|1|100210||1,00000|UN|379,00||0|041|5949|||||0||0|||||||99||||||99|||||||
|C190|041|5949||379,00|0|0|0|0|0|0||
|C100|1|0|100003631|01|00|U|0069761||28102011|28102011|742,00|0|||742,00|9||||0|0||||||||
|C170|1|031073||1,00000|UN|742,00||0|041|5949|||||0||0|||||||99||||||99|||||||
|C190|041|5949||742,00|0|0|0|0|0|0||
|C100|1|0|800007179|01|00|U|0069762||28102011|28102011|2988,00|0|||2988,00|9||||0|0||||||||
|C170|1|040173||3,00000|UN|2988,00||0|041|5949|||||0||0|||||||99||||||99|||||||
|C190|041|5949||2988,00|0|0|0|0|0|0||
|C100|1|0|800008026|01|00|U|0069678||07102011|07102011|1962,40|0|||1962,40|9||||0|0||||||||
|C170|1|180800||5,00000|UN|849,20||0|041|5152|||||0||0|||||||01|849,20|0,65|||5,52|01|849,20|3,00|||25,48||
|C170|2|180870||5,00000|UN|1113,20||0|041|5152|||||0||0|||||||01|1113,20|0,65|||7,24|01|1113,20|3,00|||33,40||
|C190|041|5152||1962,40|0|0|0|0|0|0||
|C100|1|0|800008026|01|00|U|0069679||07102011|07102011|1512,11|0|||1512,11|9||||1512,11|257,06||||||||
|C170|1|880010||6,00000|UN|279,84||0|000|5152||279,84|17,00|47,57|0||0|||||||01|279,84|0,65|||1,82|01|279,84|3,00|||8,40||
|C170|2|880030||2,00000|UN|64,54||0|000|5152||64,54|17,00|10,97|0||0|||||||01|64,54|0,65|||0,42|01|64,54|3,00|||1,94||
|C170|3|880060||1,00000|UN|72,21||0|000|5152||72,21|17,00|12,28|0||0|||||||01|72,21|0,65|||0,47|01|72,21|3,00|||2,17||
|C170|4|880050||2,00000|UN|77,78||0|000|5152||77,78|17,00|13,22|0||0|||||||01|77,78|0,65|||0,51|01|77,78|3,00|||2,33||
|C170|5|880080||5,00000|UN|231,75||0|000|5152||231,75|17,00|39,40|0||0|||||||01|231,75|0,65|||1,51|01|231,75|3,00|||6,95||
|C170|6|880070||3,00000|UN|165,81||0|000|5152||165,81|17,00|28,19|0||0|||||||01|165,81|0,65|||1,08|01|165,81|3,00|||4,97||
|C170|7|880250||2,00000|UN|180,44||0|000|5152||180,44|17,00|30,67|0||0|||||||01|180,44|0,65|||1,17|01|180,44|3,00|||5,41||
|C170|8|880240||1,00000|UN|64,99||0|000|5152||64,99|17,00|11,05|0||0|||||||01|64,99|0,65|||0,42|01|64,99|3,00|||1,95||
|C170|9|880210||2,00000|UN|91,72||0|000|5152||91,72|17,00|15,59|0||0|||||||01|91,72|0,65|||0,60|01|91,72|3,00|||2,75||
|C170|10|880270||2,00000|UN|80,38||0|000|5152||80,38|17,00|13,66|0||0|||||||01|80,38|0,65|||0,52|01|80,38|3,00|||2,41||
|C170|11|880220||2,00000|UN|80,94||0|000|5152||80,94|17,00|13,76|0||0|||||||01|80,94|0,65|||0,53|01|80,94|3,00|||2,43||
|C170|12|880160||6,00000|UN|71,64||0|000|5152||71,64|17,00|12,18|0||0|||||||01|71,64|0,65|||0,47|01|71,64|3,00|||2,15||
|C170|13|880260||3,00000|UN|50,07||0|000|5152||50,07|17,00|8,51|0||0|||||||01|50,07|0,65|||0,33|01|50,07|3,00|||1,50||
|C190|000|5152|17,00|1512,11|1512,11|257,06|0|0|0|0||
|C100|1|0|800008026|01|00|U|0069680||07102011|07102011|641,40|0|||641,40|9||||641,40|109,04||||||||
|C170|1|910781||4,00000|UN|128,28||0|000|5152||128,28|17,00|21,81|0||0|||||||01|128,28|0,65|||0,83|01|128,28|3,00|||3,85||
|C170|2|910782||4,00000|UN|128,28||0|000|5152||128,28|17,00|21,81|0||0|||||||01|128,28|0,65|||0,83|01|128,28|3,00|||3,85||
|C170|3|910783||4,00000|UN|128,28||0|000|5152||128,28|17,00|21,81|0||0|||||||01|128,28|0,65|||0,83|01|128,28|3,00|||3,85||
|C170|4|910784||4,00000|UN|128,28||0|000|5152||128,28|17,00|21,81|0||0|||||||01|128,28|0,65|||0,83|01|128,28|3,00|||3,85||
|C170|5|910785||4,00000|UN|128,28||0|000|5152||128,28|17,00|21,81|0||0|||||||01|128,28|0,65|||0,83|01|128,28|3,00|||3,85||
|C190|000|5152|17,00|641,40|641,40|109,04|0|0|0|0||
|C100|1|0|800008026|01|00|U|0069683||08102011|08102011|1953,00|0|||1953,00|9||||1953,00|332,01||||||||
|C170|1|200530||20,00000|UN|1953,00||0|000|5152||1953,00|17,00|332,01|0||0|||||||01|1953,00|0,65|||12,69|01|1953,00|3,00|||58,59||
|C190|000|5152|17,00|1953,00|1953,00|332,01|0|0|0|0||
|C100|1|0|800008026|01|00|U|0069698||14102011|14102011|560,72|0|||560,72|9||||560,72|95,32||||||||
|C170|1|950460||1,00000|UN|560,72||0|000|5152||560,72|17,00|95,32|0||0|||||||01|560,72|0,65|||3,64|01|560,72|3,00|||16,82||
|C190|000|5152|17,00|560,72|560,72|95,32|0|0|0|0||
|C100|1|0|800008026|01|00|U|0069710||17102011|17102011|601,75|0|||601,75|9||||601,75|102,30||||||||
|C170|1|270020||1,00000|UN|601,75||0|000|5152||601,75|17,00|102,30|0||0|||||||01|601,75|0,65|||3,91|01|601,75|3,00|||18,05||
|C190|000|5152|17,00|601,75|601,75|102,30|0|0|0|0||
|C100|1|0|800008026|01|00|U|0069718||19102011|19102011|6700,74|0|||6700,74|9||||6700,74|1139,13||||||||
|C170|1|030900||2,00000|UN|712,46||0|000|5152||712,46|17,00|121,12|0||0|||||||01|712,46|0,65|||4,63|01|712,46|3,00|||21,37||
|C170|2|031130||1,00000|UN|673,54||0|000|5152||673,54|17,00|114,50|0||0|||||||01|673,54|0,65|||4,38|01|673,54|3,00|||20,21||
|C170|3|070420||6,00000|UN|1024,32||0|000|5152||1024,32|17,00|174,13|0||0|||||||01|1024,32|0,65|||6,66|01|1024,32|3,00|||30,73||
|C170|4|180270||10,00000|UN|1540,30||0|000|5152||1540,30|17,00|261,85|0||0|||||||01|1540,30|0,65|||10,01|01|1540,30|3,00|||46,21||
|C170|5|180273||4,00000|UN|765,36||0|000|5152||765,36|17,00|130,11|0||0|||||||01|765,36|0,65|||4,97|01|765,36|3,00|||22,96||
|C170|6|040290||2,00000|UN|1358,48||0|000|5152||1358,48|17,00|230,94|0||0|||||||01|1358,48|0,65|||8,83|01|1358,48|3,00|||40,75||
|C170|7|180580||3,00000|UN|626,28||0|000|5152||626,28|17,00|106,47|0||0|||||||01|626,28|0,65|||4,07|01|626,28|3,00|||18,79||
|C190|000|5152|17,00|6700,74|6700,74|1139,13|0|0|0|0||
|C100|1|0|800008026|01|00|U|0069723||19102011|19102011|621,61|0|||621,61|9||||621,61|105,67||||||||
|C170|1|040173||1,00000|UN|621,61||0|000|5152||621,61|17,00|105,67|0||0|||||||01|621,61|0,65|||4,04|01|621,61|3,00|||18,65||
|C190|000|5152|17,00|621,61|621,61|105,67|0|0|0|0||
|C100|1|0|800008026|01|00|U|0069727||20102011|20102011|2598,20|0|||2598,20|9||||2598,20|441,69||||||||
|C170|1|890341||6,00000|UN|39,54||0|000|5152||39,54|17,00|6,72|0||0|||||||01|39,54|0,65|||0,26|01|39,54|3,00|||1,19||
|C170|2|890350||2,00000|UN|131,02||0|000|5152||131,02|17,00|22,27|0||0|||||||01|131,02|0,65|||0,85|01|131,02|3,00|||3,93||
|C170|3|890450||2,00000|UN|115,20||0|000|5152||115,20|17,00|19,58|0||0|||||||01|115,20|0,65|||0,75|01|115,20|3,00|||3,46||
|C170|4|890360||2,00000|UN|144,26||0|000|5152||144,26|17,00|24,52|0||0|||||||01|144,26|0,65|||0,94|01|144,26|3,00|||4,33||
|C170|5|890440||3,00000|UN|89,64||0|000|5152||89,64|17,00|15,24|0||0|||||||01|89,64|0,65|||0,58|01|89,64|3,00|||2,69||
|C170|6|890422||3,00000|UN|118,98||0|000|5152||118,98|17,00|20,23|0||0|||||||01|118,98|0,65|||0,77|01|118,98|3,00|||3,57||
|C170|7|890610||2,00000|UN|426,20||0|000|5152||426,20|17,00|72,45|0||0|||||||01|426,20|0,65|||2,77|01|426,20|3,00|||12,79||
|C170|8|890560||1,00000|UN|135,68||0|000|5152||135,68|17,00|23,07|0||0|||||||01|135,68|0,65|||0,88|01|135,68|3,00|||4,07||
|C170|9|890520||3,00000|UN|173,79||0|000|5152||173,79|17,00|29,54|0||0|||||||01|173,79|0,65|||1,13|01|173,79|3,00|||5,21||
|C170|10|890530||1,00000|UN|132,86||0|000|5152||132,86|17,00|22,59|0||0|||||||01|132,86|0,65|||0,86|01|132,86|3,00|||3,99||
|C170|11|890501||5,00000|UN|300,55||0|000|5152||300,55|17,00|51,09|0||0|||||||01|300,55|0,65|||1,95|01|300,55|3,00|||9,02||
|C170|12|890620||3,00000|UN|393,00||0|000|5152||393,00|17,00|66,81|0||0|||||||01|393,00|0,65|||2,55|01|393,00|3,00|||11,79||
|C170|13|890500||2,00000|UN|113,56||0|000|5152||113,56|17,00|19,31|0||0|||||||01|113,56|0,65|||0,74|01|113,56|3,00|||3,41||
|C170|14|890630||3,00000|UN|283,92||0|000|5152||283,92|17,00|48,27|0||0|||||||01|283,92|0,65|||1,85|01|283,92|3,00|||8,52||
|C190|000|5152|17,00|2598,20|2598,20|441,69|0|0|0|0||
|C100|1|0|800008026|01|00|U|0069728||20102011|20102011|431,26|0|||431,26|9||||265,90|45,20||||||||
|C170|1|180320||10,00000|UN|265,90||0|000|5152||265,90|17,00|45,20|0||0|||||||01|265,90|0,65|||1,73|01|265,90|3,00|||7,98||
|C170|2|710280||4,00000|UN|165,36||0|041|5152|||||0||0|||||||01|165,36|0,65|||1,07|01|165,36|3,00|||4,96||
|C190|000|5152|17,00|265,90|265,90|45,20|0|0|0|0||
|C190|041|5152||165,36|0|0|0|0|0|0||
|C100|1|0|800008026|01|00|U|0069735||22102011|22102011|1200,26|0|||1200,26|9||||1200,26|204,04||||||||
|C170|1|031273||1,00000|UN|1200,26||0|000|5152||1200,26|17,00|204,04|0||0|||||||01|1200,26|0,65|||7,80|01|1200,26|3,00|||36,01||
|C190|000|5152|17,00|1200,26|1200,26|204,04|0|0|0|0||
|C100|1|0|800008026|01|00|U|0069736||22102011|22102011|125,30|0|||125,30|9||||125,30|21,30||||||||
|C170|1|502190||1,00000|UN|26,34||0|000|5152||26,34|17,00|4,48|0||0|||||||01|26,34|0,65|||0,17|01|26,34|3,00|||0,79||
|C170|2|502201||2,00000|UN|62,28||0|000|5152||62,28|17,00|10,59|0||0|||||||01|62,28|0,65|||0,40|01|62,28|3,00|||1,87||
|C170|3|890081||1,00000|UN|36,68||0|000|5152||36,68|17,00|6,24|0||0|||||||01|36,68|0,65|||0,24|01|36,68|3,00|||1,10||
|C190|000|5152|17,00|125,30|125,30|21,30|0|0|0|0||
|C100|1|0|800008026|01|00|U|0069737||22102011|22102011|3648,03|0|||3648,03|9||||3648,03|620,17||||||||
|C170|1|040520||3,00000|UN|1946,13||0|000|5152||1946,13|17,00|330,84|0||0|||||||01|1946,13|0,65|||12,65|01|1946,13|3,00|||58,38||
|C170|2|120080||10,00000|UN|854,90||0|000|5152||854,90|17,00|145,33|0||0|||||||01|854,90|0,65|||5,56|01|854,90|3,00|||25,65||
|C170|3|120090||20,00000|UN|847,00||0|000|5152||847,00|17,00|143,99|0||0|||||||01|847,00|0,65|||5,51|01|847,00|3,00|||25,41||
|C190|000|5152|17,00|3648,03|3648,03|620,17|0|0|0|0||
|C100|1|0|800008026|01|00|U|0069738||25102011|25102011|359,03|0|||359,03|9||||359,03|61,04||||||||
|C170|1|920220||1,00000|UN|359,03||0|000|5152||359,03|17,00|61,04|0||0|||||||01|359,03|0,65|||2,33|01|359,03|3,00|||10,77||
|C190|000|5152|17,00|359,03|359,03|61,04|0|0|0|0||
|C100|1|0|800008026|01|00|U|0069705||15102011|15102011|50,41|0|||50,41|9||||50,41|8,57||||||||
|C170|1|502191||1,00000|UN|19,27||0|000|5152||19,27|17,00|3,28|0||0|||||||01|19,27|0,65|||0,13|01|19,27|3,00|||0,58||
|C170|2|502201||1,00000|UN|31,14||0|000|5152||31,14|17,00|5,29|0||0|||||||01|31,14|0,65|||0,20|01|31,14|3,00|||0,93||
|C190|000|5152|17,00|50,41|50,41|8,57|0|0|0|0||
|C100|1|0|800008026|01|00|U|0069707||15102011|15102011|7721,47|0|||7721,47|9||||7721,47|1312,65||||||||
|C170|1|030473||2,00000|UN|1563,60||0|000|5152||1563,60|17,00|265,81|0||0|||||||01|1563,60|0,65|||10,16|01|1563,60|3,00|||46,91||
|C170|2|030533||2,00000|UN|582,56||0|000|5152||582,56|17,00|99,04|0||0|||||||01|582,56|0,65|||3,79|01|582,56|3,00|||17,48||
|C170|3|040530||2,00000|UN|1127,06||0|000|5152||1127,06|17,00|191,60|0||0|||||||01|1127,06|0,65|||7,33|01|1127,06|3,00|||33,81||
|C170|4|040520||1,00000|UN|648,71||0|000|5152||648,71|17,00|110,28|0||0|||||||01|648,71|0,65|||4,22|01|648,71|3,00|||19,46||
|C170|5|030960||1,00000|UN|469,57||0|000|5152||469,57|17,00|79,83|0||0|||||||01|469,57|0,65|||3,05|01|469,57|3,00|||14,09||
|C170|6|100063||1,00000|UN|189,65||0|000|5152||189,65|17,00|32,24|0||0|||||||01|189,65|0,65|||1,23|01|189,65|3,00|||5,69||
|C170|7|150420||10,00000|UN|606,00||0|000|5152||606,00|17,00|103,02|0||0|||||||01|606,00|0,65|||3,94|01|606,00|3,00|||18,18||
|C170|8|100210||10,00000|UN|2324,80||0|000|5152||2324,80|17,00|395,22|0||0|||||||01|2324,80|0,65|||15,11|01|2324,80|3,00|||69,74||
|C170|9|290280||3,00000|UN|209,52||0|000|5152||209,52|17,00|35,62|0||0|||||||01|209,52|0,65|||1,36|01|209,52|3,00|||6,29||
|C190|000|5152|17,00|7721,47|7721,47|1312,65|0|0|0|0||
|C100|1|0|800008026|01|00|U|0069747||26102011|26102011|1476,19|0|||1476,19|9||||1476,19|250,95||||||||
|C170|1|030850||1,00000|UN|1476,19||0|000|5152||1476,19|17,00|250,95|0||0|||||||01|1476,19|0,65|||9,60|01|1476,19|3,00|||44,29||
|C190|000|5152|17,00|1476,19|1476,19|250,95|0|0|0|0||
|C100|1|0|800008026|01|00|U|0069756||27102011|27102011|1430,09|0|||1430,09|9||||1430,09|243,12||||||||
|C170|1|030283||1,00000|UN|290,95||0|000|5152||290,95|17,00|49,46|0||0|||||||01|290,95|0,65|||1,89|01|290,95|3,00|||8,73||
|C170|2|030923||1,00000|UN|403,94||0|000|5152||403,94|17,00|68,67|0||0|||||||01|403,94|0,65|||2,63|01|403,94|3,00|||12,12||
|C170|3|030933||1,00000|UN|450,17||0|000|5152||450,17|17,00|76,53|0||0|||||||01|450,17|0,65|||2,93|01|450,17|3,00|||13,51||
|C170|4|040550||3,00000|UN|285,03||0|000|5152||285,03|17,00|48,46|0||0|||||||01|285,03|0,65|||1,85|01|285,03|3,00|||8,55||
|C190|000|5152|17,00|1430,09|1430,09|243,12|0|0|0|0||
|C100|1|0|800008026|01|00|U|0069760||28102011|28102011|1495,00|0|||1495,00|9||||1495,00|254,15||||||||
|C170|1|180400||5,00000|UN|1495,00||0|000|5152||1495,00|17,00|254,15|0||0|||||||01|1495,00|0,65|||9,72|01|1495,00|3,00|||44,85||
|C190|000|5152|17,00|1495,00|1495,00|254,15|0|0|0|0||
|C100|1|0|800008026|01|00|U|0069763||28102011|28102011|12385,19|0|||12385,19|9||||12385,19|2105,48||||||||
|C170|1|180203||5,00000|UN|1196,55||0|000|5152||1196,55|17,00|203,41|0||0|||||||01|1196,55|0,65|||7,78|01|1196,55|3,00|||35,90||
|C170|2|180273||5,00000|UN|919,60||0|000|5152||919,60|17,00|156,33|0||0|||||||01|919,60|0,65|||5,98|01|919,60|3,00|||27,59||
|C170|3|180750||2,00000|UN|2516,80||0|000|5152||2516,80|17,00|427,86|0||0|||||||01|2516,80|0,65|||16,36|01|2516,80|3,00|||75,50||
|C170|4|180760||2,00000|UN|1679,04||0|000|5152||1679,04|17,00|285,44|0||0|||||||01|1679,04|0,65|||10,91|01|1679,04|3,00|||50,37||
|C170|5|180770||2,00000|UN|1385,12||0|000|5152||1385,12|17,00|235,47|0||0|||||||01|1385,12|0,65|||9,00|01|1385,12|3,00|||41,55||
|C170|6|180700||1,00000|UN|2663,76||0|000|5152||2663,76|17,00|452,84|0||0|||||||01|2663,76|0,65|||17,31|01|2663,76|3,00|||79,91||
|C170|7|180790||2,00000|UN|2024,32||0|000|5152||2024,32|17,00|344,13|0||0|||||||01|2024,32|0,65|||13,16|01|2024,32|3,00|||60,73||
|C190|000|5152|17,00|12385,19|12385,19|2105,48|0|0|0|0||
|C100|1|0|800008026|01|00|U|0069764||29102011|29102011|20398,92|0|||20398,92|9||||20398,92|3467,82||||||||
|C170|1|040133||1,00000|UN|482,35||0|000|5152||482,35|17,00|82,00|0||0|||||||01|482,35|0,65|||3,14|01|482,35|3,00|||14,47||
|C170|2|040280||1,00000|UN|812,38||0|000|5152||812,38|17,00|138,10|0||0|||||||01|812,38|0,65|||5,28|01|812,38|3,00|||24,37||
|C170|3|040430||3,00000|UN|594,15||0|000|5152||594,15|17,00|101,01|0||0|||||||01|594,15|0,65|||3,86|01|594,15|3,00|||17,82||
|C170|4|100200||6,00000|UN|1489,92||0|000|5152||1489,92|17,00|253,29|0||0|||||||01|1489,92|0,65|||9,68|01|1489,92|3,00|||44,70||
|C170|5|180203||5,00000|UN|2169,20||0|000|5152||2169,20|17,00|368,76|0||0|||||||01|2169,20|0,65|||14,10|01|2169,20|3,00|||65,08||
|C170|6|180273||5,00000|UN|919,60||0|000|5152||919,60|17,00|156,33|0||0|||||||01|919,60|0,65|||5,98|01|919,60|3,00|||27,59||
|C170|7|290033||3,00000|UN|321,42||0|000|5152||321,42|17,00|54,64|0||0|||||||01|321,42|0,65|||2,09|01|321,42|3,00|||9,64||
|C170|8|180550||5,00000|UN|1064,80||0|000|5152||1064,80|17,00|181,02|0||0|||||||01|1064,80|0,65|||6,92|01|1064,80|3,00|||31,94||
|C170|9|180750||2,00000|UN|2516,80||0|000|5152||2516,80|17,00|427,86|0||0|||||||01|2516,80|0,65|||16,36|01|2516,80|3,00|||75,50||
|C170|10|180790||2,00000|UN|2024,32||0|000|5152||2024,32|17,00|344,13|0||0|||||||01|2024,32|0,65|||13,16|01|2024,32|3,00|||60,73||
|C170|11|180760||2,00000|UN|1679,04||0|000|5152||1679,04|17,00|285,44|0||0|||||||01|1679,04|0,65|||10,91|01|1679,04|3,00|||50,37||
|C170|12|180770||4,00000|UN|2770,24||0|000|5152||2770,24|17,00|470,94|0||0|||||||01|2770,24|0,65|||18,01|01|2770,24|3,00|||83,11||
|C170|13|180700||1,00000|UN|2450,66||0|000|5152||2450,66|17,00|416,61|0||0|||||||01|2450,66|0,65|||15,93|01|2450,66|3,00|||73,52||
|C170|14|180510||2,00000|UN|867,68||0|000|5152||867,68|17,00|147,51|0||0|||||||01|867,68|0,65|||5,64|01|867,68|3,00|||26,03||
|C170|15|290053||2,00000|UN|236,36||0|000|5152||236,36|17,00|40,18|0||0|||||||01|236,36|0,65|||1,54|01|236,36|3,00|||7,09||
|C190|000|5152|17,00|20398,92|20398,92|3467,82|0|0|0|0||
|C100|1|0|800008026|01|00|U|0069644||01102011|01102011|532,40|0|||532,40|9||||532,40|90,51||||||||
|C170|1|180420||1,00000|UN|532,40||0|000|5152||532,40|17,00|90,51|0||0|||||||01|532,40|0,65|||3,46|01|532,40|3,00|||15,97||
|C190|000|5152|17,00|532,40|532,40|90,51|0|0|0|0||
|C100|1|0|800008026|01|00|U|0069645||01102011|01102011|829,71|0|||829,71|9||||829,71|141,05||||||||
|C170|1|050970||1,00000|UN|829,71||0|000|5152||829,71|17,00|141,05|0||0|||||||01|829,71|0,65|||5,39|01|829,71|3,00|||24,89||
|C190|000|5152|17,00|829,71|829,71|141,05|0|0|0|0||
|C100|1|0|800008026|01|00|U|0069651||04102011|04102011|1625,42|0|||1625,42|9||||1625,42|276,32||||||||
|C170|1|030030||1,00000|UN|1625,42||0|000|5152||1625,42|17,00|276,32|0||0|||||||01|1625,42|0,65|||10,57|01|1625,42|3,00|||48,76||
|C190|000|5152|17,00|1625,42|1625,42|276,32|0|0|0|0||
|C100|1|0|800008026|01|00|U|0069658||04102011|04102011|262,73|0|||262,73|9||||262,73|44,66||||||||
|C170|1|180270||1,00000|UN|154,03||0|000|5152||154,03|17,00|26,19|0||0|||||||01|154,03|0,65|||1,00|01|154,03|3,00|||4,62||
|C170|2|290270||1,00000|UN|41,17||0|000|5152||41,17|17,00|7,00|0||0|||||||01|41,17|0,65|||0,27|01|41,17|3,00|||1,24||
|C170|3|330010||1,00000|UN|67,53||0|000|5152||67,53|17,00|11,48|0||0|||||||01|67,53|0,65|||0,44|01|67,53|3,00|||2,03||
|C190|000|5152|17,00|262,73|262,73|44,66|0|0|0|0||
|C100|1|0|800008026|01|00|U|0069659||05102011|05102011|268,68|0|||268,68|9||||253,46|43,09||||||||
|C170|1|710030||5,00000|UN|10,10||0|000|5152||10,10|17,00|1,72|0||0|||||||01|10,10|0,65|||0,07|01|10,10|3,00|||0,30||
|C170|2|710180||3,00000|UN|28,83||0|000|5152||28,83|17,00|4,90|0||0|||||||01|28,83|0,65|||0,19|01|28,83|3,00|||0,86||
|C170|3|710230||3,00000|UN|27,33||0|000|5152||27,33|17,00|4,65|0||0|||||||01|27,33|0,65|||0,18|01|27,33|3,00|||0,82||
|C170|4|710220||2,00000|UN|15,22||0|041|5152|||||0||0|||||||01|15,22|0,65|||0,10|01|15,22|3,00|||0,46||
|C170|5|950231||1,00000|UN|187,20||0|000|5152||187,20|17,00|31,82|0||0|||||||01|187,20|0,65|||1,22|01|187,20|3,00|||5,62||
|C190|000|5152|17,00|253,46|253,46|43,09|0|0|0|0||
|C190|041|5152||15,22|0|0|0|0|0|0||
|C100|1|0|800008026|01|00|U|0069660||05102011|05102011|3911,50|0|||3911,50|9||||3911,50|664,96||||||||
|C170|1|030460||1,00000|UN|829,62||0|000|5152||829,62|17,00|141,04|0||0|||||||01|829,62|0,65|||5,39|01|829,62|3,00|||24,89||
|C170|2|030850||1,00000|UN|1476,19||0|000|5152||1476,19|17,00|250,95|0||0|||||||01|1476,19|0,65|||9,60|01|1476,19|3,00|||44,29||
|C170|3|030910||3,00000|UN|1605,69||0|000|5152||1605,69|17,00|272,97|0||0|||||||01|1605,69|0,65|||10,44|01|1605,69|3,00|||48,17||
|C190|000|5152|17,00|3911,50|3911,50|664,96|0|0|0|0||
|C100|1|0|800008026|01|00|U|0069661||05102011|05102011|187,05|0|||187,05|9||||187,05|31,80||||||||
|C170|1|100013||1,00000|UN|187,05||0|000|5152||187,05|17,00|31,80|0||0|||||||01|187,05|0,65|||1,22|01|187,05|3,00|||5,61||
|C190|000|5152|17,00|187,05|187,05|31,80|0|0|0|0||
|C100|1|0|800007004|01|00|U|0069743||25102011|25102011|1990,00|0|||1990,00|9||||0|0||||||||
|C170|1|030130||1,00000|UN|1990,00||0|041|5949|||||0||0|||||||99||||||99|||||||
|C190|041|5949||1990,00|0|0|0|0|0|0||
|C100|1|0|800007219|01|00|U|0069711||17102011|17102011|1200,00|0|||1200,00|9||||0|0||||||||
|C170|1|040223||1,00000|UN|759,00||0|041|5949|||||0||0|||||||99||||||99|||||||
|C170|2|040530||1,00000|UN|441,00||0|041|5949|||||0||0|||||||99||||||99|||||||
|C190|041|5949||1200,00|0|0|0|0|0|0||
|C100|1|0|41|01|00|U|0069655||04102011|04102011|349,00|0|||349,00|9||||0|0||||||||
|C170|1|180580||1,00000|UN|349,00||0|041|5949|||||0||0|||||||99||||||99|||||||
|C190|041|5949||349,00|0|0|0|0|0|0||
|C100|1|0|800006994|01|00|U|0069681||08102011|08102011|783,00|0|||783,00|9||||0|0||||||||
|C170|1|200040||1,00000|UN|783,00||0|041|5949|||||0||0|||||||99||||||99|||||||
|C190|041|5949||783,00|0|0|0|0|0|0||
|C100|1|0|800006994|01|00|U|0069713||17102011|17102011|47,00|0|||47,00|9||||0|0||||||||
|C170|1|330050||1,00000|UN|47,00||0|041|5949|||||0||0|||||||99||||||99|||||||
|C190|041|5949||47,00|0|0|0|0|0|0||
|C100|1|0|800006994|01|00|U|0069730||20102011|20102011|3199,00|0|||3199,00|9||||0|0||||||||
|C170|1|030123||1,00000|UN|3199,00||0|041|5949|||||0||0|||||||99||||||99|||||||
|C190|041|5949||3199,00|0|0|0|0|0|0||
|C100|1|0|800006994|01|00|U|0069745||25102011|25102011|4848,05|0|||4848,05|9||||0|0||||||||
|C170|1|120080||20,00000|UN|1709,80||0|041|5915|||||0||0|||||||99||||||99|||||||
|C170|2|120090||25,00000|UN|1058,75||0|041|5915|||||0||0|||||||99||||||99|||||||
|C170|3|150040||25,00000|UN|867,50||0|041|5915|||||0||0|||||||99||||||99|||||||
|C170|4|150420||20,00000|UN|1212,00||0|041|5915|||||0||0|||||||99||||||99|||||||
|C190|041|5915||4848,05|0|0|0|0|0|0||
|C100|1|0|800006994|01|00|U|0069670||07102011|07102011|445,73|0|||445,73|9||||0|0||||||||
|C170|1|220013||1,00000|UN|445,73||0|041|5915|||||0||0|||||||99||||||99|||||||
|C190|041|5915||445,73|0|0|0|0|0|0||
|C100|1|0|800008065|01|00|U|0069759||27102011|27102011|49,00|0|||49,00|9||||0|0||||||||
|C170|1|120130||1,00000|UN|49,00||0|041|5949|||||0||0|||||||99||||||99|||||||
|C190|041|5949||49,00|0|0|0|0|0|0||
|C100|0|1|800008028|01|00|1|0418201||23092011|15102011|1924,61|0|||1782,05|1|71,28|||379,00|26,53||||||||
|C170|1|030900||5,00000|UN|1782,05||0|000|2102||379,00|7,00|26,53|0||0|||||||01|1782,05||||0|01|1782,05||||0||
|C190|000|2102|7,00|1924,61|379,00|26,53|0|0|0|0||
|C100|0|1|800008028|01|00|1|0660754||15102011|26102011|6284,19|0|||4833,99|1|725,10|||154,03|10,78||||||||
|C170|1|030100||3,00000|UN|4833,99||0|000|2102||154,03|7,00|10,78|0||0|||||||01|4833,99||||0|01|4833,99||||0||
|C190|000|2102|7,00|6284,19|154,03|10,78|0|0|0|0||
|C100|0|1|800008026|01|00|1|0009046||20102011|20102011|2950,67|0|||2950,67|9||||2950,67|501,61||||||||
|C170|1|030870||1,00000|UN|2694,78||0|000|1152||2694,78|17,00|458,11|0||0||||||||||||||||||||
|C170|2|180273||1,00000|UN|191,34||0|000|1152||191,34|17,00|32,53|0||0||||||||||||||||||||
|C170|3|810391||5,00000|UN|64,55||0|000|1152||64,55|17,00|10,97|0||0||||||||||||||||||||
|C190|000|1152|17,00|2950,67|2950,67|501,61|0|0|0|0||
|C100|0|1|800008026|01|00|1|0009050||20102011|20102011|60,50|0|||60,50|9||||60,50|10,29||||||||
|C170|1|120030||1,00000|UN|60,50||0|000|1152||60,50|17,00|10,29|0||0||||||||||||||||||||
|C190|000|1152|17,00|60,50|60,50|10,29|0|0|0|0||
|C100|0|1|800008026|01|00|1|0009051||21102011|21102011|45,48|0|||45,48|9||||45,48|7,73||||||||
|C170|1|701750||3,00000|UN|45,48||0|000|1152||45,48|17,00|7,73|0||0||||||||||||||||||||
|C190|000|1152|17,00|45,48|45,48|7,73|0|0|0|0||
|C100|0|1|800008026|01|00|1|0009054||21102011|21102011|214,13|0|||214,13|9||||214,13|36,40||||||||
|C170|1|890360||1,00000|UN|214,13||0|000|1152||214,13|17,00|36,40|0||0||||||||||||||||||||
|C190|000|1152|17,00|214,13|214,13|36,40|0|0|0|0||
|C100|0|1|800008026|01|00|1|0009057||21102011|21102011|15,16|0|||15,16|9||||15,16|2,58||||||||
|C170|1|901314||2,00000|UN|15,16||0|000|1152||15,16|17,00|2,58|0||0||||||||||||||||||||
|C190|000|1152|17,00|15,16|15,16|2,58|0|0|0|0||
|C100|0|1|800008026|01|00|1|0009059||21102011|21102011|355,49|0|||355,49|9||||355,49|60,43||||||||
|C170|1|200510||1,00000|UN|355,49||0|000|1152||355,49|17,00|60,43|0||0||||||||||||||||||||
|C190|000|1152|17,00|355,49|355,49|60,43|0|0|0|0||
|C100|0|1|800008026|01|00|1|0009060||22102011|22102011|191,34|0|||191,34|9||||191,34|32,53||||||||
|C170|1|180273||1,00000|UN|191,34||0|000|1152||191,34|17,00|32,53|0||0||||||||||||||||||||
|C190|000|1152|17,00|191,34|191,34|32,53|0|0|0|0||
|C100|0|1|800008026|01|00|1|0009061||22102011|22102011|358,64|0|||358,64|9||||358,64|60,97||||||||
|C170|1|180190||1,00000|UN|358,64||0|000|1152||358,64|17,00|60,97|0||0||||||||||||||||||||
|C190|000|1152|17,00|358,64|358,64|60,97|0|0|0|0||
|C100|0|1|800008026|01|00|1|0009067||25102011|25102011|274,44|0|||274,44|9||||274,44|46,65||||||||
|C170|1|680360||1,00000|UN|40,50||0|000|1152||40,50|17,00|6,88|0||0||||||||||||||||||||
|C170|2|880260||2,00000|UN|33,38||0|000|1152||33,38|17,00|5,67|0||0||||||||||||||||||||
|C170|3|890370||1,00000|UN|200,56||0|000|1152||200,56|17,00|34,10|0||0||||||||||||||||||||
|C190|000|1152|17,00|274,44|274,44|46,65|0|0|0|0||
|C100|0|1|800008026|01|00|1|0009069||26102011|26102011|2204,24|0|||2204,24|9||||2204,24|374,72||||||||
|C170|1|030293||1,00000|UN|983,37||0|000|1152||983,37|17,00|167,17|0||0|||||||01|983,37||||0|01|983,37||||0||
|C170|2|150420||1,00000|UN|60,60||0|000|1152||60,60|17,00|10,30|0||0|||||||01|60,60||||0|01|60,60||||0||
|C170|3|200040||1,00000|UN|1091,05||0|000|1152||1091,05|17,00|185,48|0||0|||||||01|1091,05||||0|01|1091,05||||0||
|C170|4|180290||1,00000|UN|69,22||0|000|1152||69,22|17,00|11,77|0||0|||||||01|69,22||||0|01|69,22||||0||
|C190|000|1152|17,00|2204,24|2204,24|374,72|0|0|0|0||
|C100|0|1|800008026|01|00|1|0009071||26102011|26102011|67,11|0|||67,11|9||||67,11|11,41||||||||
|C170|1|903080||1,00000|UN|67,11||0|000|1152||67,11|17,00|11,41|0||0||||||||||||||||||||
|C190|000|1152|17,00|67,11|67,11|11,41|0|0|0|0||
|C100|0|1|800008026|01|00|1|0009072||26102011|26102011|69,84|0|||69,84|9||||69,84|11,87||||||||
|C170|1|290280||1,00000|UN|69,84||0|000|1152||69,84|17,00|11,87|0||0||||||||||||||||||||
|C190|000|1152|17,00|69,84|69,84|11,87|0|0|0|0||
|C100|0|1|800008026|01|00|1|0009074||26102011|26102011|154,03|0|||154,03|9||||154,03|26,19||||||||
|C170|1|180270||1,00000|UN|154,03||0|000|1152||154,03|17,00|26,19|0||0||||||||||||||||||||
|C190|000|1152|17,00|154,03|154,03|26,19|0|0|0|0||
|C100|0|1|800008026|01|00|1|0009075||27102011|27102011|925,07|0|||925,07|9||||925,07|157,26||||||||
|C170|1|100210||1,00000|UN|232,48||0|000|1152||232,48|17,00|39,52|0||0||||||||||||||||||||
|C170|2|180770||1,00000|UN|692,59||0|000|1152||692,59|17,00|117,74|0||0||||||||||||||||||||
|C190|000|1152|17,00|925,07|925,07|157,26|0|0|0|0||
|C100|0|1|800008026|01|00|1|0009076||27102011|27102011|139,68|0|||139,68|9||||139,68|23,75||||||||
|C170|1|290280||2,00000|UN|139,68||0|000|1152||139,68|17,00|23,75|0||0||||||||||||||||||||
|C190|000|1152|17,00|139,68|139,68|23,75|0|0|0|0||
|C100|0|1|800008026|01|00|1|0009077||28102011|28102011|64,14|0|||64,14|9||||64,14|10,90||||||||
|C170|1|910781||2,00000|UN|64,14||0|000|1152||64,14|17,00|10,90|0||0||||||||||||||||||||
|C190|000|1152|17,00|64,14|64,14|10,90|0|0|0|0||
|C100|0|1|800008026|01|00|1|0009078||29102011|29102011|2897,33|0|||2897,33|9||||2897,33|492,55||||||||
|C170|1|030103||1,00000|UN|1639,42||0|000|1152||1639,42|17,00|278,70|0||0||||||||||||||||||||
|C170|2|031283||1,00000|UN|1257,91||0|000|1152||1257,91|17,00|213,84|0||0||||||||||||||||||||
|C190|000|1152|17,00|2897,33|2897,33|492,55|0|0|0|0||
|C100|0|1|800008026|01|00|1|0009079||29102011|29102011|925,77|0|||925,77|9||||925,77|157,38||||||||
|C170|1|030393||1,00000|UN|925,77||0|000|1152||925,77|17,00|157,38|0||0||||||||||||||||||||
|C190|000|1152|17,00|925,77|925,77|157,38|0|0|0|0||
|C100|0|1|800008026|01|00|1|0009080||31102011|31102011|5940,24|0|||5940,24|9||||5940,24|1009,84||||||||
|C170|1|030030||1,00000|UN|1625,42||0|000|1152||1625,42|17,00|276,32|0||0||||||||||||||||||||
|C170|2|030850||1,00000|UN|1476,19||0|000|1152||1476,19|17,00|250,95|0||0||||||||||||||||||||
|C170|3|050970||1,00000|UN|829,71||0|000|1152||829,71|17,00|141,05|0||0||||||||||||||||||||
|C170|4|100013||1,00000|UN|187,05||0|000|1152||187,05|17,00|31,80|0||0||||||||||||||||||||
|C170|5|040173||1,00000|UN|621,61||0|000|1152||621,61|17,00|105,67|0||0||||||||||||||||||||
|C170|6|031273||1,00000|UN|1200,26||0|000|1152||1200,26|17,00|204,04|0||0||||||||||||||||||||
|C190|000|1152|17,00|5940,24|5940,24|1009,84|0|0|0|0||
|C100|1|0|800007221|01|00|U|0069758||27102011|27102011|769,00|0|||769,00|9||||0|0||||||||
|C170|1|040423||1,00000|UN|769,00||0|041|5949|||||0||0|||||||99||||||99|||||||
|C190|041|5949||769,00|0|0|0|0|0|0||
|C100|1|0|800008066|01|00|U|0069746||25102011|25102011|2180,00|0|||2180,00|9||||0|0||||||||
|C170|1|031030||1,00000|UN|1231,00||0|041|5949|||||0||0|||||||99||||||99|||||||
|C170|2|031120||1,00000|UN|949,00||0|041|5949|||||0||0|||||||99||||||99|||||||
|C190|041|5949||2180,00|0|0|0|0|0|0||
|C100|1|0|800007223|01|00|U|0069647||03102011|03102011|844,00|0|||844,00|9||||0|0||||||||
|C170|1|030523||1,00000|UN|339,00||0|041|5949|||||0||0|||||||99||||||99|||||||
|C170|2|120090||1,00000|UN|69,00||0|041|5949|||||0||0|||||||99||||||99|||||||
|C170|3|330030||1,00000|UN|139,00||0|041|5949|||||0||0|||||||99||||||99|||||||
|C170|4|290200||1,00000|UN|119,00||0|041|5949|||||0||0|||||||99||||||99|||||||
|C170|5|330090||1,00000|UN|119,00||0|041|5949|||||0||0|||||||99||||||99|||||||
|C170|6|330050||1,00000|UN|59,00||0|041|5949|||||0||0|||||||99||||||99|||||||
|C190|041|5949||844,00|0|0|0|0|0|0||
|C100|1|0|800007223|01|00|U|0069648||03102011|03102011|159,00|0|||159,00|9||||0|0||||||||
|C170|1|040550||1,00000|UN|159,00||0|041|5949|||||0||0|||||||99||||||99|||||||
|C190|041|5949||159,00|0|0|0|0|0|0||
|C100|1|0|800007223|01|00|U|0069649||03102011|03102011|319,00|0|||319,00|9||||0|0||||||||
|C170|1|180273||1,00000|UN|319,00||0|041|5949|||||0||0|||||||99||||||99|||||||
|C190|041|5949||319,00|0|0|0|0|0|0||
|C100|1|0|800007224|01|00|U|0069720||19102011|19102011|388,00|0|||388,00|9||||0|0||||||||
|C170|1|180270||1,00000|UN|259,00||0|041|5949|||||0||0|||||||99||||||99|||||||
|C170|2|290300||1,00000|UN|129,00||0|041|5949|||||0||0|||||||99||||||99|||||||
|C190|041|5949||388,00|0|0|0|0|0|0||
|C100|1|0|100004613|01|00|U|0069703||14102011|14102011|1329,00|0|||1329,00|9||||0|0||||||||
|C170|1|030383||1,00000|UN|1329,00||0|041|5949|||||0||0|||||||99||||||99|||||||
|C190|041|5949||1329,00|0|0|0|0|0|0||
|C100|1|0|800007225|01|00|U|0069766||29102011|29102011|1490,00|0|||1490,00|9||||0|0||||||||
|C170|1|030970||1,00000|UN|1490,00||0|041|5949|||||0||0|||||||99||||||99|||||||
|C190|041|5949||1490,00|0|0|0|0|0|0||
|C100|1|0|800007226|01|00|U|0069694||13102011|13102011|399,00|0|||399,00|9||||0|0||||||||
|C170|1|100200||1,00000|UN|399,00||0|041|5949|||||0||0|||||||99||||||99|||||||
|C190|041|5949||399,00|0|0|0|0|0|0||
|C100|1|0|7798|01|00|U|0069668||06102011|06102011|500,00|0|||500,00|9||||0|0||||||||
|C170|1|040290||1,00000|UN|500,00||0|041|5949|||||0||0|||||||99||||||99|||||||
|C190|041|5949||500,00|0|0|0|0|0|0||
|C100|1|0|800008060|01|00|U|0069652||04102011|04102011|379,00|0|||379,00|9||||0|0||||||||
|C170|1|100210||1,00000|UN|379,00||0|041|5949|||||0||0|||||||99||||||99|||||||
|C190|041|5949||379,00|0|0|0|0|0|0||
|C100|1|0|800007227|01|00|U|0069650||03102011|03102011|1008,00|0|||1008,00|9||||0|0||||||||
|C170|1|040123||1,00000|UN|749,00||0|041|5949|||||0||0|||||||99||||||99|||||||
|C170|2|180270||1,00000|UN|259,00||0|041|5949|||||0||0|||||||99||||||99|||||||
|C190|041|5949||1008,00|0|0|0|0|0|0||
|C100|1|0|5323|01|00|U|0069702||14102011|14102011|799,00|0|||799,00|9||||0|0||||||||
|C170|1|030960||1,00000|UN|799,00||0|041|5949|||||0||0|||||||99||||||99|||||||
|C190|041|5949||799,00|0|0|0|0|0|0||
|C100|1|0|800007196|01|00|U|0069666||05102011|05102011|798,00|0|||798,00|9||||0|0||||||||
|C170|1|100200||2,00000|UN|798,00||0|041|5949|||||0||0|||||||99||||||99|||||||
|C190|041|5949||798,00|0|0|0|0|0|0||
|C100|1|0|800008061|01|00|U|0069671||07102011|07102011|399,00|0|||399,00|9||||0|0||||||||
|C170|1|100200||1,00000|UN|399,00||0|041|5949|||||0||0|||||||99||||||99|||||||
|C190|041|5949||399,00|0|0|0|0|0|0||
|C100|1|0|800007228|01|00|U|0069767||29102011|29102011|1549,00|0|||1549,00|9||||0|0||||||||
|C170|1|030393||1,00000|UN|1549,00||0|041|5949|||||0||0|||||||99||||||99|||||||
|C190|041|5949||1549,00|0|0|0|0|0|0||
|C100|1|0|800008067|01|00|U|0069729||20102011|20102011|926,00|0|||926,00|9||||0|0||||||||
|C170|1|031260||1,00000|UN|559,00||0|041|5949|||||0||0|||||||99||||||99|||||||
|C170|2|100210||1,00000|UN|367,00||0|041|5949|||||0||0|||||||99||||||99|||||||
|C190|041|5949||926,00|0|0|0|0|0|0||
|C100|1|0|800007230|01|00|U|0069685||10102011|10102011|1049,00|0|||1049,00|9||||0|0||||||||
|C170|1|040173||1,00000|UN|1049,00||0|041|5949|||||0||0|||||||99||||||99|||||||
|C190|041|5949||1049,00|0|0|0|0|0|0||
|C100|1|0|800007231|01|00|U|0069719||19102011|19102011|4198,00|0|||4198,00|9||||0|0||||||||
|C170|1|030013||1,00000|UN|1999,00||0|041|5949|||||0||0|||||||99||||||99|||||||
|C170|2|030093||1,00000|UN|2199,00||0|041|5949|||||0||0|||||||99||||||99|||||||
|C190|041|5949||4198,00|0|0|0|0|0|0||
|C100|1|0|800007232|01|00|U|0069708||15102011|15102011|1899,00|0|||1899,00|9||||0|0||||||||
|C170|1|030143||1,00000|UN|1899,00||0|041|5949|||||0||0|||||||99||||||99|||||||
|C190|041|5949||1899,00|0|0|0|0|0|0||
|C100|1|0|800008068|01|00|U|0069646||01102011|01102011|560,00|0|||560,00|9||||0|0||||||||
|C170|1|031260||1,00000|UN|560,00||0|041|5949|||||0||0|||||||99||||||99|||||||
|C190|041|5949||560,00|0|0|0|0|0|0||
|C100|1|0|800007234|01|00|U|0069740||21102011|21102011|539,00|0|||539,00|9||||0|0||||||||
|C170|1|030533||1,00000|UN|539,00||0|041|5949|||||0||0|||||||99||||||99|||||||
|C190|041|5949||539,00|0|0|0|0|0|0||
|C100|1|0|800007234|01|00|U|0069741||25102011|25102011|539,00|0|||539,00|9||||0|0||||||||
|C170|1|030533||1,00000|UN|539,00||0|041|5949|||||0||0|||||||99||||||99|||||||
|C190|041|5949||539,00|0|0|0|0|0|0||
|C100|0|1|800006986|55|00|1|000660753|42111059105999003959550010006607531792987997|15102011|26102011|8463,68|1|||7359,72|9||||7359,72|515,18||||||||
|C170|1|040240||5,00000|PC|6455,90||0|000|2102||6455,90|7,00|451,91|0||0||||||||||||||||||||
|C170|2|040240||1,00000|PC|903,82||0|000|2102||903,82|7,00|63,27|0||0||||||||||||||||||||
|C190|000|2102|7,00|8463,68|7359,72|515,18|0|0|0|0||
|C100|0|1|800006991|55|00|1|000142022|13110963699839000180550010001420221249187078|24092011|15102011|4615,85|1|||4475,10|9|140,75|||4615,85|553,90||||||||
|C170|1|040280||5,00000|PC|4475,10||0|000|2102||4615,85|12,00|553,90|0||0||||||||||||||||||||
|C190|000|2102|12,00|4615,85|4615,85|553,90|0|0|0|0||
|C100|0|1|800006991|55|00|1|000142023|13110963699839000180550010001420231538822004|24092011|15102011|8944,47|1|||8752,02|9|192,45|||8944,47|1073,34||||||||
|C170|1|040290||8,00000|PC|6066,96||0|000|2102||6174,96|12,00|741,00|0||0||||||||||||||||||||
|C170|2|040280||3,00000|PC|2685,06||0|000|2102||2769,51|12,00|332,34|0||0||||||||||||||||||||
|C190|000|2102|12,00|8944,47|8944,47|1073,34|0|0|0|0||
|C100|0|1|800006991|55|00|1|000142024|13110963699839000180550010001420241259698339|24092011|15102011|3201,90|1|||2993,65|9|208,25|||3201,90|384,23||||||||
|C170|1|040530||5,00000|PC|1212,95||0|000|2102||1280,45|12,00|153,65|0||0||||||||||||||||||||
|C170|2|040530||5,00000|PC|1780,70||0|000|2102||1921,45|12,00|230,57|0||0||||||||||||||||||||
|C190|000|2102|12,00|3201,90|3201,90|384,23|0|0|0|0||
|C100|0|1|800006991|55|00|1|000145177|13111063699839000180550010001451771782032963|07102011|21102011|15043,36|1|||14408,56|9|634,80|||15043,36|1805,20||||||||
|C170|1|040520||12,00000|PC|3813,24||0|000|2102||3975,24|12,00|477,03|0||0||||||||||||||||||||
|C170|2|040520||12,00000|PC|4533,12||0|000|2102||4870,92|12,00|584,51|0||0||||||||||||||||||||
|C170|3|040250||10,00000|PC|6062,20||0|000|2102||6197,20|12,00|743,66|0||0||||||||||||||||||||
|C190|000|2102|12,00|15043,36|15043,36|1805,20|0|0|0|0||
|C100|0|1|800006991|55|00|1|000145178|13111063699839000180550010001451781600059280|07102011|21102011|24690,10|1|||23217,10|9|1473,00|||24690,10|2962,81||||||||
|C170|1|030573||10,00000|PC|7072,60||0|000|2102||7563,60|12,00|907,63|0||0||||||||||||||||||||
|C170|2|030583||10,00000|PC|8758,10||0|000|2102||9249,10|12,00|1109,89|0||0||||||||||||||||||||
|C170|3|030580||5,00000|PC|4535,15||0|000|2102||4780,65|12,00|573,68|0||0||||||||||||||||||||
|C170|4|030573||2,00000|PC|990,18||0|000|2102||1088,38|12,00|130,61|0||0||||||||||||||||||||
|C170|5|030583||2,00000|PC|1226,14||0|000|2102||1324,34|12,00|158,92|0||0||||||||||||||||||||
|C170|6|030580||1,00000|PC|634,93||0|000|2102||684,03|12,00|82,08|0||0||||||||||||||||||||
|C190|000|2102|12,00|24690,10|24690,10|2962,81|0|0|0|0||
|C100|0|1|800008028|55|00|1|000429246|35111059105999000348550010004292461335061643|14102011|27102011|2361,51|1|||2108,49|9||||2108,49|147,59||||||||
|C170|1|030770||3,00000|PC|2108,49||0|000|2102||2108,49|7,00|147,59|0||0||||||||||||||||||||
|C190|000|2102|7,00|2361,51|2108,49|147,59|0|0|0|0||
|C100|0|1|800006991|55|00|1|000143486|13110963699839000180550010001434861307316444|29092011|28102011|1239,44|1|||1212,44|9|27,00|||1239,44|148,73||||||||
|C170|1|040250||2,00000|PC|1212,44||0|000|2102||1239,44|12,00|148,73|0||0||||||||||||||||||||
|C190|000|2102|12,00|1239,44|1239,44|148,73|0|0|0|0||
|C100|0|1|800006990|55|00|2|000038303|13111004403408000165550020000383031431205640|04102011|07102011|3195,00|1|||3195,00|9||||3195,00|383,40||||||||
|C170|1|180800||5,00000|PEC|965,00||0|000|2102||965,00|12,00|115,80|0||0||||||||||||||||||||
|C170|2|180800||5,00000|PEC|965,00||0|000|2102||965,00|12,00|115,80|0||0||||||||||||||||||||
|C170|3|180870||5,00000|PEC|1265,00||0|000|2102||1265,00|12,00|151,80|0||0||||||||||||||||||||
|C190|000|2102|12,00|3195,00|3195,00|383,40|0|0|0|0||
|C100|0|1|800006990|55|00|2|000038304|13111004403408000165550020000383041431236976|04102011|07102011|1163,80|1|||1163,80|9||||1163,80|139,66||||||||
|C170|1|180870||5,00000|PEC|1163,80||0|000|2102||1163,80|12,00|139,66|0||0||||||||||||||||||||
|C190|000|2102|12,00|1163,80|1163,80|139,66|0|0|0|0||
|C100|0|1|800006990|55|00|2|000038340|13111004403408000165550020000383401713036989|05102011|28102011|22236,60|1|||22236,60|9||||22236,60|2668,39||||||||
|C170|1|180190||10,00000|PEC|3628,10||0|000|2102||3628,10|12,00|435,37|0||0||||||||||||||||||||
|C170|2|180203||30,00000|PEC|8158,50||0|000|2102||8158,50|12,00|979,02|0||0||||||||||||||||||||
|C170|3|180273||50,00000|PEC|10450,00||0|000|2102||10450,00|12,00|1254,00|0||0||||||||||||||||||||
|C190|000|2102|12,00|22236,60|22236,60|2668,39|0|0|0|0||
|C100|0|1|800006990|55|00|2|000038341|13111004403408000165550020000383411713099660|05102011|21102011|4840,00|1|||4840,00|9||||4840,00|580,80||||||||
|C170|1|SC-PT75LB-K||20,00000|PEC|4840,00||0|000|2102||4840,00|12,00|580,80|0||0||||||||||||||||||||
|C190|000|2102|12,00|4840,00|4840,00|580,80|0|0|0|0||
|C100|0|1|800006990|55|00|2|000038342|13111004403408000165550020000383421713146673|05102011|28102011|35341,90|1|||35341,90|9||||35341,90|4241,03||||||||
|C170|1|180750||10,00000|PEC|14300,00||0|000|2102||14300,00|12,00|1716,00|0||0||||||||||||||||||||
|C170|2|180760||10,00000|PEC|9540,00||0|000|2102||9540,00|12,00|1144,80|0||0||||||||||||||||||||
|C170|3|180790||10,00000|PEC|11501,90||0|000|2102||11501,90|12,00|1380,23|0||0||||||||||||||||||||
|C190|000|2102|12,00|35341,90|35341,90|4241,03|0|0|0|0||
|C100|0|1|800006990|55|00|2|000038645|13111004403408000165550020000386451143233644|10102011|28102011|4843,20|1|||4843,20|9||||4843,20|581,18||||||||
|C170|1|180700||2,00000|PEC|4843,20||0|000|2102||4843,20|12,00|581,18|0||0||||||||||||||||||||
|C190|000|2102|12,00|4843,20|4843,20|581,18|0|0|0|0||
|C100|0|1|800006990|55|00|2|000038646|13111004403408000165550020000386461143249319|10102011|28102011|24821,00|1|||24821,00|9||||24821,00|2978,52||||||||
|C170|1|180770||20,00000|PEC|15740,00||0|000|2102||15740,00|12,00|1888,80|0||0||||||||||||||||||||
|C170|2|180700||3,00000|PEC|9081,00||0|000|2102||9081,00|12,00|1089,72|0||0||||||||||||||||||||
|C190|000|2102|12,00|24821,00|24821,00|2978,52|0|0|0|0||
|C100|0|1|800006990|55|00|2|000038775|13111004403408000165550020000387751875697376|14102011|31102011|5070,00|1|||5070,00|9||||5070,00|608,40||||||||
|C170|1|180270||30,00000|PEC|5070,00||0|000|2102||5070,00|12,00|608,40|0||0||||||||||||||||||||
|C190|000|2102|12,00|5070,00|5070,00|608,40|0|0|0|0||
|C100|0|1|800006974|55|00|1|000217911|23111002948030000230550010002179111979890095|04102011|07102011|3806,34|1|||3659,94|9||||3659,94|622,19||||||||
|C170|1|100030||10,00000|UD|3659,94||0|000|1102||3659,94|17,00|622,19|0||0||||||||||||||||||||
|C190|000|1102|17,00|3806,34|3659,94|622,19|0|0|0|0||
|C100|0|1|800006974|55|00|1|000220507|23111002948030000230550010002205071300270741|15102011|21102011|384,01|0|||349,10|9||||384,01|65,28||||||||
|C170|1|100150||1,00000|UD|349,10||0|000|1910||384,01|17,00|65,28|0||0||||||||||||||||||||
|C190|000|1910|17,00|384,01|384,01|65,28|0|0|0|0||
|C100|0|1|800007047|55|00|55|000042977|35110901490698000800550550000429771612403356|28092011|22102011|2146,44|0|||2146,44|9||||2146,44|150,25||||||||
|C170|1|4080570085||2,00000|PC|240,00||0|000|2102||240,00|7,00|16,80|0||0||||||||||||||||||||
|C170|2|660301||4,00000|CJ|402,48||0|000|2102||402,48|7,00|28,17|0||0||||||||||||||||||||
|C170|3|660341||4,00000|CJ|276,00||0|000|2102||276,00|7,00|19,32|0||0||||||||||||||||||||
|C170|4|660341||4,00000|CJ|276,00||0|000|2102||276,00|7,00|19,32|0||0||||||||||||||||||||
|C170|5|660621||4,00000|PC|184,08||0|000|2102||184,08|7,00|12,89|0||0||||||||||||||||||||
|C170|6|660651||4,00000|PC|156,00||0|000|2102||156,00|7,00|10,92|0||0||||||||||||||||||||
|C170|7|660090||2,00000|PC|124,00||0|000|2102||124,00|7,00|8,68|0||0||||||||||||||||||||
|C170|8|660090||1,00000|PC|62,00||0|000|2102||62,00|7,00|4,34|0||0||||||||||||||||||||
|C170|9|660230||4,00000|PC|243,36||0|000|2102||243,36|7,00|17,04|0||0||||||||||||||||||||
|C170|10|660230||2,00000|PC|121,68||0|000|2102||121,68|7,00|8,52|0||0||||||||||||||||||||
|C170|11|660230||1,00000|PC|60,84||0|000|2102||60,84|7,00|4,26|0||0||||||||||||||||||||
|C190|000|2102|7,00|2146,44|2146,44|150,25|0|0|0|0||
|C100|0|1|800007074|55|00|1|000027415|35110903449322000100550010000274151720812826|26092011|21102011|1704,13|1|||1549,22|9||||1549,22|108,45||||||||
|C170|1|680930||10,00000|PC|513,00||0|000|2102||513,00|7,00|35,91|0||0||||||||||||||||||||
|C170|2|680940||10,00000|PC|270,60||0|000|2102||270,60|7,00|18,94|0||0||||||||||||||||||||
|C170|3|680281||4,00000|PC|53,24||0|000|2102||53,24|7,00|3,73|0||0||||||||||||||||||||
|C170|4|680010||6,00000|PC|76,08||0|000|2102||76,08|7,00|5,33|0||0||||||||||||||||||||
|C170|5|680970||4,00000|UN|66,04||0|000|2102||66,04|7,00|4,62|0||0||||||||||||||||||||
|C170|6|680941||4,00000|PC|208,60||0|000|2102||208,60|7,00|14,60|0||0||||||||||||||||||||
|C170|7|680020||4,00000|PC|74,28||0|000|2102||74,28|7,00|5,20|0||0||||||||||||||||||||
|C170|8|680990||6,00000|PC|72,84||0|000|2102||72,84|7,00|5,10|0||0||||||||||||||||||||
|C170|9|680660||2,00000|PC|65,10||0|000|2102||65,10|7,00|4,56|0||0||||||||||||||||||||
|C170|10|680490||6,00000|CJ|116,52||0|000|2102||116,52|7,00|8,16|0||0||||||||||||||||||||
|C170|11|680951||4,00000|PC|32,92||0|000|2102||32,92|7,00|2,30|0||0||||||||||||||||||||
|C190|000|2102|7,00|1704,13|1549,22|108,45|0|0|0|0||
|C100|0|1|800007074|55|00|1|000027416|35110903449322000100550010000274161000000600|26092011|21102011|66,00|9|||60,00|9||||60,00|4,20||||||||
|C170|1|680961||4,00000|CJ|60,00||0|000|2910||60,00|7,00|4,20|0||0||||||||||||||||||||
|C190|000|2910|7,00|66,00|60,00|4,20|0|0|0|0||
|C100|0|1|800007080|55|00|1|000020426|35111001468951000152550010000204261000176902|10102011|31102011|1960,22|1|||1781,80|9||||1781,80|124,73||||||||
|C170|1|810521||4,00000|PC|64,00||0|000|2102||64,00|7,00|4,48|0||0||||||||||||||||||||
|C170|2|810522||4,00000|PC|127,68||0|000|2102||127,68|7,00|8,94|0||0||||||||||||||||||||
|C170|3|810200||4,00000|PC|114,04||0|000|2102||114,04|7,00|7,98|0||0||||||||||||||||||||
|C170|4|812961||6,00000|PC|138,84||0|000|2102||138,84|7,00|9,72|0||0||||||||||||||||||||
|C170|5|810921||8,00000|PC|32,00||0|000|2102||32,00|7,00|2,24|0||0||||||||||||||||||||
|C170|6|810352||18,00000|PC|128,16||0|000|2102||128,16|7,00|8,97|0||0||||||||||||||||||||
|C170|7|810353||12,00000|PC|114,24||0|000|2102||114,24|7,00|8,00|0||0||||||||||||||||||||
|C170|8|810921||4,00000|PC|17,92||0|000|2102||17,92|7,00|1,25|0||0||||||||||||||||||||
|C170|9|810921||4,00000|PC|17,92||0|000|2102||17,92|7,00|1,25|0||0||||||||||||||||||||
|C170|10|810921||4,00000|PC|17,92||0|000|2102||17,92|7,00|1,25|0||0||||||||||||||||||||
|C170|11|810924||4,00000|PC|67,20||0|000|2102||67,20|7,00|4,70|0||0||||||||||||||||||||
|C170|12|810861||4,00000|CX|417,60||0|000|2102||417,60|7,00|29,23|0||0||||||||||||||||||||
|C170|13|810862||4,00000|PC|22,40||0|000|2102||22,40|7,00|1,57|0||0||||||||||||||||||||
|C170|14|810862||4,00000|PC|22,40||0|000|2102||22,40|7,00|1,57|0||0||||||||||||||||||||
|C170|15|810862||4,00000|PC|22,40||0|000|2102||22,40|7,00|1,57|0||0||||||||||||||||||||
|C170|16|810862||4,00000|PC|22,40||0|000|2102||22,40|7,00|1,57|0||0||||||||||||||||||||
|C170|17|810071||4,00000|PC|56,44||0|000|2102||56,44|7,00|3,95|0||0||||||||||||||||||||
|C170|18|810561||4,00000|PC|42,24||0|000|2102||42,24|7,00|2,96|0||0||||||||||||||||||||
|C170|19|813371||12,00000|PC|27,48||0|000|2102||27,48|7,00|1,92|0||0||||||||||||||||||||
|C170|20|813360||12,00000|PC|47,52||0|000|2102||47,52|7,00|3,33|0||0||||||||||||||||||||
|C170|21|813371||12,00000|PC|27,48||0|000|2102||27,48|7,00|1,92|0||0||||||||||||||||||||
|C170|22|813371||24,00000|PC|54,96||0|000|2102||54,96|7,00|3,85|0||0||||||||||||||||||||
|C170|23|813360||12,00000|PC|47,52||0|000|2102||47,52|7,00|3,33|0||0||||||||||||||||||||
|C170|24|813472||6,00000|PC|131,04||0|000|2102||131,04|7,00|9,17|0||0||||||||||||||||||||
|C190|000|2102|7,00|1960,22|1781,80|124,73|0|0|0|0||
|C100|0|1|800007235|55|00|1|000003228|35111005022327000188550010000032281990599002|10102011|27102011|1095,29|1|||995,69|9||||995,69|69,70||||||||
|C170|1|104600||6,00000|PC|26,37||0|000|2102||26,37|7,00|1,85|0||0||||||||||||||||||||
|C170|2|104610||8,00000|PC|82,84||0|000|2102||82,84|7,00|5,80|0||0||||||||||||||||||||
|C170|3|104620||4,00000|PC|68,62||0|000|2102||68,62|7,00|4,80|0||0||||||||||||||||||||
|C170|4|104630||12,00000|PC|205,85||0|000|2102||205,85|7,00|14,41|0||0||||||||||||||||||||
|C170|5|104630||2,00000|PC|34,31||0|000|2102||34,31|7,00|2,40|0||0||||||||||||||||||||
|C170|6|104630||2,00000|PC|34,31||0|000|2102||34,31|7,00|2,40|0||0||||||||||||||||||||
|C170|7|104630||2,00000|PC|34,31||0|000|2102||34,31|7,00|2,40|0||0||||||||||||||||||||
|C170|8|104630||2,00000|PC|34,31||0|000|2102||34,31|7,00|2,40|0||0||||||||||||||||||||
|C170|9|104640||8,00000|KT|46,67||0|000|2102||46,67|7,00|3,27|0||0||||||||||||||||||||
|C170|10|104650||144,00000|PC|91,41||0|000|2102||91,41|7,00|6,40|0||0||||||||||||||||||||
|C170|11|104650||36,00000|PC|22,85||0|000|2102||22,85|7,00|1,60|0||0||||||||||||||||||||
|C170|12|104650||36,00000|PC|22,85||0|000|2102||22,85|7,00|1,60|0||0||||||||||||||||||||
|C170|13|104650||36,00000|PC|22,85||0|000|2102||22,85|7,00|1,60|0||0||||||||||||||||||||
|C170|14|104650||36,00000|PC|22,85||0|000|2102||22,85|7,00|1,60|0||0||||||||||||||||||||
|C170|15|104660||72,00000|PC|81,77||0|000|2102||81,77|7,00|5,72|0||0||||||||||||||||||||
|C170|16|104660||36,00000|PC|40,88||0|000|2102||40,88|7,00|2,86|0||0||||||||||||||||||||
|C170|17|104660||36,00000|PC|40,88||0|000|2102||40,88|7,00|2,86|0||0||||||||||||||||||||
|C170|18|104660||36,00000|PC|40,88||0|000|2102||40,88|7,00|2,86|0||0||||||||||||||||||||
|C170|19|104660||36,00000|PC|40,88||0|000|2102||40,88|7,00|2,86|0||0||||||||||||||||||||
|C190|000|2102|7,00|1095,29|995,69|69,70|0|0|0|0||
|C100|0|1|800008062|55|00|2|000022837|35111005330305000185550020000228371111010106|10102011|29102011|2763,08|1|||2501,08|9||||2501,08|175,08||||||||
|C170|1|500242||8,00000|PC|33,75||0|000|2102||33,75|7,00|2,36|0||0||||||||||||||||||||
|C170|2|500243||8,00000|PC|34,91||0|000|2102||34,91|7,00|2,44|0||0||||||||||||||||||||
|C170|3|500244||12,00000|PC|89,02||0|000|2102||89,02|7,00|6,23|0||0||||||||||||||||||||
|C170|4|500245||8,00000|PC|84,36||0|000|2102||84,36|7,00|5,91|0||0||||||||||||||||||||
|C170|5|501792||10,00000|PC|96,73||0|000|2102||96,73|7,00|6,77|0||0||||||||||||||||||||
|C170|6|3839||6,00000|PC|223,85||0|000|2102||223,85|7,00|15,67|0||0||||||||||||||||||||
|C170|7|501181||36,00000|PC|48,44||0|000|2102||48,44|7,00|3,39|0||0||||||||||||||||||||
|C170|8|3563||12,00000|PC|38,57||0|000|2102||38,57|7,00|2,70|0||0||||||||||||||||||||
|C170|9|500581||6,00000|PC|42,33||0|000|2102||42,33|7,00|2,96|0||0||||||||||||||||||||
|C170|10|502382||15,00000|JG|24,55||0|000|2102||24,55|7,00|1,72|0||0||||||||||||||||||||
|C170|11|500140||4,00000|JG|94,98||0|000|2102||94,98|7,00|6,65|0||0||||||||||||||||||||
|C170|12|500090||4,00000|JG|123,20||0|000|2102||123,20|7,00|8,62|0||0||||||||||||||||||||
|C170|13|501140||12,00000|PC|38,40||0|000|2102||38,40|7,00|2,69|0||0||||||||||||||||||||
|C170|14|501570||6,00000|PC|36,72||0|000|2102||36,72|7,00|2,57|0||0||||||||||||||||||||
|C170|15|500630||12,00000|PC|24,44||0|000|2102||24,44|7,00|1,71|0||0||||||||||||||||||||
|C170|16|500500||12,00000|PC|24,00||0|000|2102||24,00|7,00|1,68|0||0||||||||||||||||||||
|C170|17|500550||12,00000|PC|24,00||0|000|2102||24,00|7,00|1,68|0||0||||||||||||||||||||
|C170|18|500710||12,00000|PC|48,44||0|000|2102||48,44|7,00|3,39|0||0||||||||||||||||||||
|C170|19|500590||12,00000|PC|23,57||0|000|2102||23,57|7,00|1,65|0||0||||||||||||||||||||
|C170|20|500421||12,00000|PC|24,44||0|000|2102||24,44|7,00|1,71|0||0||||||||||||||||||||
|C170|21|294||24,00000|PC|371,78||0|000|2102||371,78|7,00|26,02|0||0||||||||||||||||||||
|C170|22|501170||12,00000|PC|24,00||0|000|2102||24,00|7,00|1,68|0||0||||||||||||||||||||
|C170|23|500610||12,00000|PC|23,57||0|000|2102||23,57|7,00|1,65|0||0||||||||||||||||||||
|C170|24|500770||12,00000|PC|24,44||0|000|2102||24,44|7,00|1,71|0||0||||||||||||||||||||
|C170|25|501300||12,00000|PC|24,44||0|000|2102||24,44|7,00|1,71|0||0||||||||||||||||||||
|C170|26|500241||4,00000|PC|31,70||0|000|2102||31,70|7,00|2,22|0||0||||||||||||||||||||
|C170|27|3260||4,00000|PC|80,58||0|000|2102||80,58|7,00|5,64|0||0||||||||||||||||||||
|C170|28|500622||4,00000|PC|102,67||0|000|2102||102,67|7,00|7,19|0||0||||||||||||||||||||
|C170|29|500632||6,00000|PC|51,56||0|000|2102||51,56|7,00|3,61|0||0||||||||||||||||||||
|C170|30|500633||4,00000|PC|80,29||0|000|2102||80,29|7,00|5,62|0||0||||||||||||||||||||
|C170|31|500562||4,00000|PC|63,41||0|000|2102||63,41|7,00|4,44|0||0||||||||||||||||||||
|C170|32|500631||4,00000|PC|78,22||0|000|2102||78,22|7,00|5,48|0||0||||||||||||||||||||
|C170|33|500830||8,00000|PC|128,00||0|000|2102||128,00|7,00|8,96|0||0||||||||||||||||||||
|C170|34|500832||6,00000|PC|111,27||0|000|2102||111,27|7,00|7,79|0||0||||||||||||||||||||
|C170|35|500623||4,00000|PC|74,67||0|000|2102||74,67|7,00|5,23|0||0||||||||||||||||||||
|C170|36|500621||1,00000|PC|18,67||0|000|2102||18,67|7,00|1,31|0||0||||||||||||||||||||
|C170|37|2922||8,00000|PC|33,11||0|000|2102||33,11|7,00|2,32|0||0||||||||||||||||||||
|C190|000|2102|7,00|2763,08|2501,08|175,08|0|0|0|0||
|C100|0|1|800008026|01|00|1|0008988||03102011|03102011|1373,24|9|||1373,24|9||||1373,24|233,45||||||||
|C170|1|220403||1,00000|UN|1026,64||0|000|1152||1026,64|17,00|174,53|0||0||||||||||||||||||||
|C170|2|031260||1,00000|UN|346,60||0|000|1152||346,60|17,00|58,92|0||0||||||||||||||||||||
|C190|000|1152|17,00|1373,24|1373,24|233,45|0|0|0|0||
|C100|0|1|800008026|01|00|1|0008989||03102011|03102011|16,35|9|||16,35|9||||16,35|2,78||||||||
|C170|1|850210||1,00000|UN|16,35||0|000|1152||16,35|17,00|2,78|0||0||||||||||||||||||||
|C190|000|1152|17,00|16,35|16,35|2,78|0|0|0|0||
|C100|0|1|800008026|01|00|1|0008991||03102011|03102011|375,72|9|||375,72|9||||375,72|63,87||||||||
|C170|1|120130||1,00000|UN|30,38||0|000|1152||30,38|17,00|5,16|0||0||||||||||||||||||||
|C170|2|813550||1,00000|UN|18,15||0|000|1152||18,15|17,00|3,09|0||0||||||||||||||||||||
|C170|3|180270||1,00000|UN|154,03||0|000|1152||154,03|17,00|26,19|0||0||||||||||||||||||||
|C170|4|120080||1,00000|UN|85,49||0|000|1152||85,49|17,00|14,53|0||0||||||||||||||||||||
|C170|5|290290||1,00000|UN|60,35||0|000|1152||60,35|17,00|10,26|0||0||||||||||||||||||||
|C170|6|840620||1,00000|UN|27,32||0|000|1152||27,32|17,00|4,64|0||0||||||||||||||||||||
|C190|000|1152|17,00|375,72|375,72|63,87|0|0|0|0||
|C100|0|1|800008026|01|00|1|0008997||04102011|04102011|19,76|9|||19,76|9||||19,76|3,36||||||||
|C170|1|502300||2,00000|UN|19,76||0|000|1152||19,76|17,00|3,36|0||0||||||||||||||||||||
|C190|000|1152|17,00|19,76|19,76|3,36|0|0|0|0||
|C100|0|1|800008026|01|00|1|0009000||04102011|04102011|219,09|9|||219,09|9||||219,09|37,25||||||||
|C170|1|903080||1,00000|UN|67,11||0|000|1152||67,11|17,00|11,41|0||0||||||||||||||||||||
|C170|2|850070||1,00000|UN|46,17||0|000|1152||46,17|17,00|7,85|0||0||||||||||||||||||||
|C170|3|850090||1,00000|UN|16,35||0|000|1152||16,35|17,00|2,78|0||0||||||||||||||||||||
|C170|4|850270||1,00000|UN|24,05||0|000|1152||24,05|17,00|4,09|0||0||||||||||||||||||||
|C170|5|850280||1,00000|UN|19,24||0|000|1152||19,24|17,00|3,27|0||0||||||||||||||||||||
|C170|6|850300||1,00000|UN|46,17||0|000|1152||46,17|17,00|7,85|0||0||||||||||||||||||||
|C190|000|1152|17,00|219,09|219,09|37,25|0|0|0|0||
|C100|0|1|800008026|01|00|1|0009002||05102011|05102011|154,03|9|||154,03|9||||154,03|26,19||||||||
|C170|1|180270||1,00000|UN|154,03||0|000|1152||154,03|17,00|26,19|0||0||||||||||||||||||||
|C190|000|1152|17,00|154,03|154,03|26,19|0|0|0|0||
|C100|0|1|800008026|01|00|1|0009003||06102011|06102011|212,38|9|||212,38|9||||212,38|36,10||||||||
|C170|1|180260||1,00000|UN|170,03||0|000|1152||170,03|17,00|28,91|0||0||||||||||||||||||||
|C170|2|120090||1,00000|UN|42,35||0|000|1152||42,35|17,00|7,20|0||0||||||||||||||||||||
|C190|000|1152|17,00|212,38|212,38|36,10|0|0|0|0||
|C100|0|1|800008026|01|00|1|0009005||06102011|06102011|55,47|9|||55,47|9||||55,47|9,43||||||||
|C170|1|500380||1,00000|UN|20,88||0|000|1152||20,88|17,00|3,55|0||0||||||||||||||||||||
|C170|2|970370||1,00000|UN|21,16||0|000|1152||21,16|17,00|3,60|0||0||||||||||||||||||||
|C170|3|810380||1,00000|UN|13,43||0|000|1152||13,43|17,00|2,28|0||0||||||||||||||||||||
|C190|000|1152|17,00|55,47|55,47|9,43|0|0|0|0||
|C100|0|1|800008026|01|00|1|0009008||07102011|07102011|651,55|9|||651,55|9||||651,55|110,76||||||||
|C170|1|180273||1,00000|UN|191,34||0|000|1152||191,34|17,00|32,53|0||0||||||||||||||||||||
|C170|2|902511||1,00000|UN|38,22||0|000|1152||38,22|17,00|6,50|0||0||||||||||||||||||||
|C170|3|812430||1,00000|UN|28,12||0|000|1152||28,12|17,00|4,78|0||0||||||||||||||||||||
|C170|4|890081||1,00000|UN|36,68||0|000|1152||36,68|17,00|6,24|0||0||||||||||||||||||||
|C170|5|120170||1,00000|UN|182,57||0|000|1152||182,57|17,00|31,04|0||0||||||||||||||||||||
|C170|6|120130||1,00000|UN|30,38||0|000|1152||30,38|17,00|5,16|0||0||||||||||||||||||||
|C170|7|901130||1,00000|UN|39,98||0|000|1152||39,98|17,00|6,80|0||0||||||||||||||||||||
|C170|8|290300||1,00000|UN|76,97||0|000|1152||76,97|17,00|13,08|0||0||||||||||||||||||||
|C170|9|330050||1,00000|UN|27,29||0|000|1152||27,29|17,00|4,64|0||0||||||||||||||||||||
|C190|000|1152|17,00|651,55|651,55|110,76|0|0|0|0||
|C100|0|1|800008026|01|00|1|0009009||08102011|08102011|166,76|9|||166,76|9||||166,76|28,35||||||||
|C170|1|200520||1,00000|UN|97,65||0|000|1152||97,65|17,00|16,60|0||0||||||||||||||||||||
|C170|2|970560||2,00000|UN|42,18||0|000|1152||42,18|17,00|7,17|0||0||||||||||||||||||||
|C170|3|850050||1,00000|UN|26,93||0|000|1152||26,93|17,00|4,58|0||0||||||||||||||||||||
|C190|000|1152|17,00|166,76|166,76|28,35|0|0|0|0||
|C100|0|1|800008026|01|00|1|0009012||10102011|10102011|223,78|9|||223,78|9||||223,78|38,04||||||||
|C170|1|290220||1,00000|UN|48,59||0|000|1152||48,59|17,00|8,26|0||0||||||||||||||||||||
|C170|2|970370||1,00000|UN|21,16||0|000|1152||21,16|17,00|3,60|0||0||||||||||||||||||||
|C170|3|180270||1,00000|UN|154,03||0|000|1152||154,03|17,00|26,19|0||0||||||||||||||||||||
|C190|000|1152|17,00|223,78|223,78|38,04|0|0|0|0||
|C100|0|1|800008026|01|00|1|0009015||10102011|10102011|350,26|9|||350,26|9||||350,26|59,54||||||||
|C170|1|270010||1,00000|UN|350,26||0|000|1152||350,26|17,00|59,54|0||0||||||||||||||||||||
|C190|000|1152|17,00|350,26|350,26|59,54|0|0|0|0||
|C100|0|1|800008026|01|00|1|0009016||11102011|11102011|60,60|9|||60,60|9||||60,60|10,30||||||||
|C170|1|150420||1,00000|UN|60,60||0|000|1152||60,60|17,00|10,30|0||0||||||||||||||||||||
|C190|000|1152|17,00|60,60|60,60|10,30|0|0|0|0||
|C100|0|1|800008026|01|00|1|0009017||11102011|11102011|221,01|9|||221,01|9||||221,01|37,57||||||||
|C170|1|290350||1,00000|UN|86,71||0|000|1152||86,71|17,00|14,74|0||0||||||||||||||||||||
|C170|2|903081||1,00000|UN|134,30||0|000|1152||134,30|17,00|22,83|0||0||||||||||||||||||||
|C190|000|1152|17,00|221,01|221,01|37,57|0|0|0|0||
|C100|0|1|800008026|01|00|1|0009019||11102011|11102011|42,35|9|||42,35|9||||42,35|7,20||||||||
|C170|1|120090||1,00000|UN|42,35||0|000|1152||42,35|17,00|7,20|0||0||||||||||||||||||||
|C190|000|1152|17,00|42,35|42,35|7,20|0|0|0|0||
|C100|0|1|800008026|01|00|1|0009021||11102011|11102011|131,13|9|||131,13|9||||131,13|22,29||||||||
|C170|1|330130||1,00000|UN|131,13||0|000|1152||131,13|17,00|22,29|0||0||||||||||||||||||||
|C190|000|1152|17,00|131,13|131,13|22,29|0|0|0|0||
|C100|0|1|800008026|01|00|1|0009024||13102011|13102011|66,21|9|||66,21|9||||66,21|11,26||||||||
|C170|1|520740||1,00000|UN|66,21||0|000|1152||66,21|17,00|11,26|0||0||||||||||||||||||||
|C190|000|1152|17,00|66,21|66,21|11,26|0|0|0|0||
|C100|0|1|800008026|01|00|1|0009026||13102011|13102011|361,44|9|||361,44|9||||361,44|61,44||||||||
|C170|1|330270||1,00000|UN|361,44||0|000|1152||361,44|17,00|61,44|0||0||||||||||||||||||||
|C190|000|1152|17,00|361,44|361,44|61,44|0|0|0|0||
|C100|0|1|800008026|01|00|1|0009027||13102011|13102011|40,19|9|||40,19|9||||40,19|6,83||||||||
|C170|1|880270||1,00000|UN|40,19||0|000|1152||40,19|17,00|6,83|0||0||||||||||||||||||||
|C190|000|1152|17,00|40,19|40,19|6,83|0|0|0|0||
|C100|0|1|800008026|01|00|1|0009030||13102011|13102011|69,27|9|||69,27|9||||69,27|11,78||||||||
|C170|1|950310||1,00000|UN|69,27||0|000|1152||69,27|17,00|11,78|0||0||||||||||||||||||||
|C190|000|1152|17,00|69,27|69,27|11,78|0|0|0|0||
|C100|0|1|800008026|01|00|1|0009032||14102011|14102011|170,80|9|||170,80|9||||170,80|29,04||||||||
|C170|1|700180||1,00000|UN|5,61||0|000|1152||5,61|17,00|0,95|0||0||||||||||||||||||||
|C170|2|902580||17,00000|UN|38,76||0|000|1152||38,76|17,00|6,59|0||0||||||||||||||||||||
|C170|3|812210||1,00000|UN|21,97||0|000|1152||21,97|17,00|3,73|0||0||||||||||||||||||||
|C170|4|090280||1,00000|UN|104,46||0|000|1152||104,46|17,00|17,76|0||0||||||||||||||||||||
|C190|000|1152|17,00|170,80|170,80|29,04|0|0|0|0||
|C100|0|1|800008026|01|00|1|0009035||14102011|14102011|9,31|9|||9,31|9||||9,31|1,58||||||||
|C170|1|910670||1,00000|UN|9,31||0|000|1152||9,31|17,00|1,58|0||0||||||||||||||||||||
|C190|000|1152|17,00|9,31|9,31|1,58|0|0|0|0||
|C100|0|1|800008026|01|00|1|0009039||17102011|17102011|14,20|9|||14,20|9||||14,20|2,41||||||||
|C170|1|902811||2,00000|UN|14,20||0|000|1152||14,20|17,00|2,41|0||0||||||||||||||||||||
|C190|000|1152|17,00|14,20|14,20|2,41|0|0|0|0||
|C100|0|1|800008026|01|00|1|0009041||18102011|18102011|127,05|9|||127,05|9||||127,05|21,60||||||||
|C170|1|120090||3,00000|UN|127,05||0|000|1152||127,05|17,00|21,60|0||0||||||||||||||||||||
|C190|000|1152|17,00|127,05|127,05|21,60|0|0|0|0||
|C100|0|1|800008026|01|00|1|0009043||18102011|18102011|120,40|9|||120,40|9||||120,40|20,47||||||||
|C170|1|500082||2,00000|UN|45,34||0|000|1152||45,34|17,00|7,71|0||0||||||||||||||||||||
|C170|2|950090||5,00000|UN|26,45||0|000|1152||26,45|17,00|4,50|0||0||||||||||||||||||||
|C170|3|900872||1,00000|UN|48,61||0|000|1152||48,61|17,00|8,26|0||0||||||||||||||||||||
|C190|000|1152|17,00|120,40|120,40|20,47|0|0|0|0||
|C100|0|1|800008026|01|00|1|0009044||19102011|19102011|718,47|9|||718,47|9||||718,47|122,14||||||||
|C170|1|070420||1,00000|UN|170,72||0|000|1152||170,72|17,00|29,02|0||0||||||||||||||||||||
|C170|2|040183||1,00000|UN|547,75||0|000|1152||547,75|17,00|93,12|0||0||||||||||||||||||||
|C190|000|1152|17,00|718,47|718,47|122,14|0|0|0|0||
|C100|0|1|800006986|55|00|1|000660754|42111059105999003959550010006607541884790666|15102011|26102011|5559,09|1|||4833,99|1||||4833,99|338,38||||||||
|C170|1|030100||3,00000|PC|4833,99||0|000|2102||4833,99|7,00|338,38|0||0||||||||||||||||||||
|C190|000|2102|7,00|5559,09|4833,99|338,38|0|0|0|0||
|C100|0|1|800008028|55|00|1|000418201|35110959105999000348550010004182011853037448|23092011|15102011|1853,33|1|||1782,05|1||||1782,05|124,74||||||||
|C170|1|030900||5,00000|PC|1782,05||0|000|2102||1782,05|7,00|124,74|0||0||||||||1853,33||||||1853,33||||||
|C190|000|2102|7,00|1853,33|1782,05|124,74|0|0|0|0||
|C100|0|1|6488|55|00|1|000001495|23111007343858000289550010000014951438655352|08102011|08102011|74,00|1|||74,00|9||||0|0||||||||
|C170|1|10000||1,00000|UN|74,00||0|090|1556|||||0||0||||||||||||||||||||
|C190|090|1556||74,00|0|0|0|0|0|0||
|C400|2D|ECF|GEXNJ20000|2|
|C405|01102011|1|1414|28248|11444706,97|5116|
|C420|01T1700|5116|1||
|C425|290300|1|UN|129|0,84|3,87|
|C425|050683|1|UN|963|6,26|28,89|
|C425|902270|1|UN|119|0,77|3,57|
|C425|850010|1|UN|45|0,29|1,35|
|C425|106080|1|UN|89|0,58|2,67|
|C425|812960|1|UN|29|0,19|0,87|
|C425|701830|1|UN|35|0,23|1,05|
|C425|030363|1|UN|1099|7,14|32,97|
|C425|180270|1|UN|297|1,93|8,91|
|C425|180260|1|UN|299|1,94|8,97|
|C425|100210|1|UN|360|2,34|10,8|
|C425|031240|2|UN|538|3,5|16,14|
|C425|030950|1|UN|464|3,02|13,92|
|C425|030460|1|UN|650|4,23|19,5|
|C490|000|5102|17|5116|5116|869,72||
|C405|03102011|1|1415|28265|11446885,97|2179|
|C420|01T1700|2157|1||
|C425|040570|1|UN|199|1,29|5,97|
|C425|903190|1|UN|9|0,06|0,27|
|C425|660960|1|UN|65|0,42|1,95|
|C425|050683|1|UN|375|2,44|11,25|
|C425|900431|1|UN|22|0,14|0,66|
|C425|812120|1|UN|5|0,03|0,15|
|C425|500380|1|UN|47|0,31|1,41|
|C425|900980|1|UN|33|0,21|0,99|
|C425|100210|1|UN|379|2,46|11,37|
|C425|950310|1|UN|113|0,73|3,39|
|C425|902511|1|UN|79|0,51|2,37|
|C425|810921|1|UN|9|0,06|0,27|
|C425|650200|1|UN|39|0,25|1,17|
|C425|500160|1|UN|29|0,19|0,87|
|C425|180270|3|UN|754|4,9|22,62|
|C420|N1|22|||
|C425|940380|1|UN|8|0,05|0,24|
|C425|940370|1|UN|14|0,09|0,42|
|C490|000|5102|17|2157|2157|366,69||
|C490|041|5102|0|22|0|0||
|C405|04102011|1|1416|28288|11454817,98|7932|
|C420|01T1700|7920|1||
|C425|105080|1|UN|248|1,61|7,44|
|C425|900431|2|UN|43|0,28|1,29|
|C425|813371|5|UN|25|0,16|0,75|
|C425|701720|2|UN|28|0,18|0,84|
|C425|040470|1|UN|399|2,59|11,97|
|C425|810391|4|UN|76|0,49|2,28|
|C425|670890|1|UN|32|0,21|0,96|
|C425|811700|2|UN|26|0,17|0,78|
|C425|813550|1|UN|39|0,25|1,17|
|C425|901410|1|UN|99|0,64|2,97|
|C425|902401|1|UN|10|0,07|0,3|
|C425|701330|1|UN|15|0,1|0,45|
|C425|900063|1|UN|10|0,07|0,3|
|C425|660263|1|UN|39|0,25|1,17|
|C425|900064|3|UN|30|0,2|0,9|
|C425|813561|1|UN|45|0,29|1,35|
|C425|900062|2|UN|38|0,24|1,14|
|C425|030253|1|UN|735|4,78|22,05|
|C425|811990|1|UN|13|0,08|0,39|
|C425|030363|1|UN|1066|6,93|31,98|
|C425|030383|1|UN|644|4,19|19,32|
|C425|100210|1|UN|379|2,46|11,37|
|C425|180203|1|UN|387|2,52|11,61|
|C425|180580|1|UN|349|2,27|10,47|
|C425|330050|2|UN|98|0,64|2,94|
|C425|501710|1|UN|18|0,12|0,54|
|C425|501270|1|UN|12|0,08|0,36|
|C425|813370|1|UN|16|0,1|0,48|
|C425|902930|2|UN|30|0,2|0,9|
|C425|950310|1|UN|119|0,77|3,57|
|C425|950460|1|UN|1199|7,79|35,97|
|C425|502200|1|UN|55|0,36|1,65|
|C425|701040|1|UN|49|0,32|1,47|
|C425|031020|1|UN|1549|10,07|46,47|
|C420|N1|12|||
|C425|980200|2|UN|12|0,08|0,36|
|C490|000|5102|17|7920|7920|1346,4||
|C490|041|5102|0|12|0|0||
|C405|05102011|1|1417|28305|11461503,98|6686|
|C420|01T1700|6657|1||
|C425|970210|1|UN|39|0,25|1,17|
|C425|500300|2|UN|16|0,1|0,48|
|C425|111080|1|UN|18|0,12|0,54|
|C425|840030|1|UN|14|0,09|0,42|
|C425|910160|1|UN|12|0,08|0,36|
|C425|950090|7|UN|84|0,54|2,52|
|C425|520212|1|UN|45|0,29|1,35|
|C425|521070|1|UN|219|1,42|6,57|
|C425|841030|1|UN|12|0,08|0,36|
|C425|650380|1|UN|9|0,06|0,27|
|C425|700322|1|UN|5|0,03|0,15|
|C425|870060|1|UN|19|0,12|0,57|
|C425|105300|1|UN|49|0,32|1,47|
|C425|030130|1|UN|2099|13,64|62,97|
|C425|500610|1|UN|5|0,03|0,15|
|C425|040250|1|UN|899|5,84|26,97|
|C425|100200|2|UN|798|5,19|23,94|
|C425|103120|1|UN|10|0,07|0,3|
|C425|810860|1|UN|11|0,07|0,33|
|C425|811380|1|UN|71|0,46|2,13|
|C425|030450|2|UN|1898|12,34|56,94|
|C425|880270|1|UN|79|0,51|2,37|
|C425|950010|1|UN|129|0,84|3,87|
|C425|290270|1|UN|75|0,49|2,25|
|C425|650390|2|UN|20|0,14|0,6|
|C425|900431|1|UN|22|0,14|0,66|
|C420|N1|29|||
|C425|940430|1|UN|14|0,09|0,42|
|C425|940350|1|UN|5|0,03|0,15|
|C425|980250|2|UN|10|0,07|0,3|
|C490|000|5102|17|6657|6657|1131,69||
|C490|041|5102|0|29|0|0||
|C405|06102011|1|1418|28321|11465433,98|3031|
|C420|N1|108|||
|C425|710320|1|UN|99|0,64|2,97|
|C425|940380|1|UN|9|0,06|0,27|
|C420|02T1700|2923|2||
|C425|030473|1|UN|1099|7,14|32,97|
|C425|760055|2|UN|30|0,2|0,9|
|C425|330020|1|UN|105|0,68|3,15|
|C425|812420|1|UN|299|1,94|8,97|
|C425|811700|1|UN|13|0,08|0,39|
|C425|880360|2|UN|88|0,57|2,64|
|C425|100210|1|UN|379|2,46|11,37|
|C425|040290|1|UN|500|3,25|15|
|C425|040183|1|UN|410|2,67|12,3|
|C490|000|5102|17|2923|2923|496,91||
|C490|041|5102|0|108|0|0||
|C405|07102011|1|1419|28337|11471185,98|5383|
|C420|01T1700|5383|1||
|C425|813440|1|UN|15|0,1|0,45|
|C425|920580|1|UN|189|1,23|5,67|
|C425|901314|1|UN|15|0,1|0,45|
|C425|520870|1|UN|20|0,13|0,6|
|C425|813030|1|UN|45|0,29|1,35|
|C425|500300|1|UN|8|0,05|0,24|
|C425|220303|2|UN|2344|15,24|70,32|
|C425|901313|2|UN|30|0,2|0,9|
|C425|900431|1|UN|22|0,14|0,66|
|C425|030363|1|UN|1099|7,14|32,97|
|C425|700970|2|UN|26|0,17|0,78|
|C425|200520|1|UN|179|1,16|5,37|
|C425|890360|1|UN|144|0,94|4,32|
|C425|880160|2|UN|50|0,33|1,5|
|C425|813360|3|UN|85|0,55|2,55|
|C425|290290|1|UN|94|0,61|2,82|
|C425|100200|1|UN|399|2,59|11,97|
|C425|040423|1|UN|350|2,28|10,5|
|C425|031240|1|UN|269|1,75|8,07|
|C490|000|5102|17|5383|5383|915,11||
|C405|08102011|1|1420|28356|11479980|8794|
|C420|01T1700|8794|1||
|C425|900957|1|UN|12|0,08|0,36|
|C425|950064|1|UN|17|0,11|0,51|
|C425|200040|1|UN|783|5,09|23,49|
|C425|950062|1|UN|10|0,07|0,3|
|C425|660630|1|UN|55|0,36|1,65|
|C425|950063|1|UN|15|0,1|0,45|
|C425|030100|1|UN|3063|19,91|91,89|
|C425|900431|1|UN|22|0,14|0,66|
|C425|330090|1|UN|119|0,77|3,57|
|C425|040530|1|UN|441|2,87|13,23|
|C425|040290|1|UN|1099|7,14|32,97|
|C425|040223|1|UN|759|4,93|22,77|
|C425|030353|1|UN|2399|15,59|71,97|
|C490|000|5102|17|8794|8794|1494,98||
|C405|10102011|1|1421|28374|11493550,01|13570|
|C420|01T1700|13570|1||
|C425|501791|1|UN|21|0,14|0,63|
|C425|910785|1|UN|69|0,45|2,07|
|C425|180380|1|UN|499|3,24|14,97|
|C425|811130|1|UN|11|0,07|0,33|
|C425|501770|1|UN|12|0,08|0,36|
|C425|120050|1|UN|159|1,03|4,77|
|C425|840870|1|UN|12|0,08|0,36|
|C425|902590|3|UN|30|0,2|0,9|
|C425|900914|2|UN|50|0,33|1,5|
|C425|902111|1|UN|499|3,24|14,97|
|C425|810610|1|UN|19|0,12|0,57|
|C425|660260|1|UN|24|0,16|0,72|
|C425|030353|1|UN|2399|15,59|71,97|
|C425|100200|1|UN|387|2,52|11,61|
|C425|030363|1|UN|1099|7,14|32,97|
|C425|030450|1|UN|920|5,98|27,6|
|C425|030950|1|UN|970|6,31|29,1|
|C425|040173|1|UN|1049|6,82|31,47|
|C425|290200|1|UN|119|0,77|3,57|
|C425|180280|1|UN|85|0,55|2,55|
|C425|180770|2|UN|2260|14,69|67,8|
|C425|200050|1|UN|1999|12,99|59,97|
|C425|200370|1|UN|329|2,14|9,87|
|C425|200510|1|UN|549|3,57|16,47|
|C490|000|5102|17|13570|13570|2306,9||
|C405|11102011|1|1422|28406|11516543,01|22993|
|C420|01T1700|22988|1||
|C425|900750|2|UN|538|3,5|16,14|
|C425|880070|2|UN|238|1,54|7,14|
|C425|500310|1|UN|10|0,07|0,3|
|C425|660153|1|UN|23|0,15|0,69|
|C425|160130|1|UN|399|2,59|11,97|
|C425|900950|1|UN|14|0,09|0,42|
|C425|890520|2|UN|198|1,28|5,94|
|C425|880030|2|UN|138|0,9|4,14|
|C425|120170|1|UN|299|1,94|8,97|
|C425|031020|1|UN|1549|10,07|46,47|
|C425|502190|1|UN|55|0,36|1,65|
|C425|040123|1|UN|710|4,62|21,3|
|C425|520850|1|UN|12|0,08|0,36|
|C425|902590|2|UN|20|0,13|0,6|
|C425|150420|1|UN|99|0,64|2,97|
|C425|902970|1|UN|14|0,09|0,42|
|C425|900890|1|UN|38|0,25|1,14|
|C425|950143|1|UN|139|0,9|4,17|
|C425|900064|1|UN|10|0,07|0,3|
|C425|500123|1|UN|19|0,12|0,57|
|C425|290350|2|UN|298|1,94|8,94|
|C425|102202|2|UN|298|1,94|8,94|
|C425|030100|1|UN|3099|20,14|92,97|
|C425|330150|3|UN|1107|7,2|33,21|
|C425|030283|1|UN|499|3,24|14,97|
|C425|030383|1|UN|1399|9,09|41,97|
|C425|030760|1|UN|600|3,9|18|
|C425|031283|1|UN|950|6,18|28,5|
|C425|100200|1|UN|379|2,46|11,37|
|C425|120080|3|UN|408|2,65|12,24|
|C425|200050|3|UN|5995|38,97|179,85|
|C425|290290|2|UN|198|1,28|5,94|
|C425|330130|1|UN|219|1,42|6,57|
|C425|950490|1|UN|250|1,63|7,5|
|C425|880270|2|UN|158|1,02|4,74|
|C425|950330|1|UN|1160|7,54|34,8|
|C425|902511|2|UN|158|1,02|4,74|
|C425|900591|2|UN|198|1,28|5,94|
|C425|890501|2|UN|198|1,28|5,94|
|C425|950390|1|UN|415|2,7|12,45|
|C425|880260|1|UN|35|0,23|1,05|
|C425|880080|2|UN|178|1,16|5,34|
|C425|760292|1|UN|69|0,45|2,07|
|C425|330250|2|UN|198|1,28|5,94|
|C420|N1|5|||
|C425|940350|1|UN|5|0,03|0,15|
|C490|000|5102|17|22988|22988|3907,96||
|C490|041|5102|0|5|0|0||
|C405|13102011|1|1423|28433|11527445,04|10902|
|C420|01T1700|10902|1||
|C425|701490|2|UN|110|0,72|3,3|
|C425|902610|1|UN|399|2,59|11,97|
|C425|900600|1|UN|49|0,32|1,47|
|C425|090010|1|UN|99|0,64|2,97|
|C425|700180|2|UN|24|0,16|0,72|
|C425|890550|1|UN|229|1,49|6,87|
|C425|520740|1|UN|129|0,84|3,87|
|C425|900610|2|UN|24|0,16|0,72|
|C425|840761|1|UN|28|0,18|0,84|
|C425|901671|1|UN|35|0,23|1,05|
|C425|200040|1|UN|1649|10,72|49,47|
|C425|030133|1|UN|872|5,67|26,16|
|C425|290220|1|UN|79|0,51|2,37|
|C425|030543|1|UN|738|4,8|22,14|
|C425|031073|1|UN|740|4,81|22,2|
|C425|031240|1|UN|269|1,75|8,07|
|C425|100200|1|UN|399|2,59|11,97|
|C425|880010|1|UN|89|0,58|2,67|
|C425|330150|2|UN|738|4,8|22,14|
|C425|902110|1|UN|999|6,49|29,97|
|C425|903081|1|UN|255|1,66|7,65|
|C425|950450|1|UN|750|4,88|22,5|
|C425|030093|1|UN|2199|14,29|65,97|
|C490|000|5102|17|10902|10902|1853,34||
|C405|14102011|1|1424|28457|11537083,04|9638|
|C420|01T1700|9638|1||
|C425|160140|1|UN|179|1,16|5,37|
|C425|850300|1|UN|89|0,58|2,67|
|C425|850210|1|UN|35|0,23|1,05|
|C425|810240|1|UN|60|0,39|1,8|
|C425|902590|1|UN|10|0,07|0,3|
|C425|180253|1|UN|319|2,07|9,57|
|C425|030870|1|UN|2375|15,44|71,25|
|C425|030680|1|UN|1230|8|36,9|
|C425|120070|1|UN|139|0,9|4,17|
|C425|030383|1|UN|1329|8,64|39,87|
|C425|950490|1|UN|529|3,44|15,87|
|C425|902511|1|UN|79|0,51|2,37|
|C425|330010|1|UN|115|0,75|3,45|
|C425|290033|1|UN|179|1,16|5,37|
|C425|180243|1|UN|549|3,57|16,47|
|C425|120090|1|UN|66|0,43|1,98|
|C425|100210|2|UN|758|4,92|22,74|
|C425|030960|1|UN|799|5,19|23,97|
|C425|030433|1|UN|799|5,19|23,97|
|C490|000|5102|17|9638|9638|1638,46||
|C405|15102011|1|1425|28486|11546605,05|9522|
|C420|01T1700|9522|1||
|C425|501110|1|UN|269|1,75|8,07|
|C425|910781|2|UN|138|0,9|4,14|
|C425|200520|1|UN|179|1,16|5,37|
|C425|890640|1|UN|249|1,62|7,47|
|C425|902580|3|UN|18|0,12|0,54|
|C425|031200|1|UN|1350|8,78|40,5|
|C425|901700|1|UN|32|0,21|0,96|
|C425|890450|1|UN|99|0,64|2,97|
|C425|902040|1|UN|29|0,19|0,87|
|C425|120030|1|UN|99|0,64|2,97|
|C425|813200|1|UN|49|0,32|1,47|
|C425|960240|1|UN|105|0,68|3,15|
|C425|270010|1|UN|579|3,76|17,37|
|C425|030143|1|UN|1899|12,34|56,97|
|C425|180273|1|UN|319|2,07|9,57|
|C425|031250|1|UN|389|2,53|11,67|
|C425|040223|1|UN|1599|10,39|47,97|
|C425|040550|1|UN|159|1,03|4,77|
|C425|100200|1|UN|387|2,52|11,61|
|C425|100210|2|UN|758|4,92|22,74|
|C425|890501|1|UN|99|0,64|2,97|
|C425|290190|1|UN|53|0,34|1,59|
|C425|290220|1|UN|79|0,51|2,37|
|C425|290340|1|UN|59|0,38|1,77|
|C425|330150|1|UN|369|2,4|11,07|
|C425|890422|2|UN|158|1,03|4,74|
|C490|000|5102|17|9522|9522|1618,74||
|C405|17102011|1|1426|28514|11558107,05|5832|
|C420|01T1700|5753|1||
|C425|950300|1|UN|89|0,58|2,67|
|C425|160170|1|UN|90|0,59|2,7|
|C425|200360|1|UN|208|1,35|6,24|
|C425|813650|1|UN|49|0,32|1,47|
|C425|902580|4|UN|24|0,16|0,72|
|C425|701690|2|UN|20|0,13|0,6|
|C425|810391|1|UN|19|0,12|0,57|
|C425|500380|1|UN|47|0,31|1,41|
|C425|330240|1|UN|79|0,51|2,37|
|C425|902590|2|UN|20|0,13|0,6|
|C425|521010|1|UN|10|0,07|0,3|
|C425|812210|1|UN|49|0,32|1,47|
|C425|500750|1|UN|8|0,05|0,24|
|C425|902811|1|UN|15|0,1|0,45|
|C425|030100|1|UN|3099|20,14|92,97|
|C425|290200|1|UN|119|0,77|3,57|
|C425|030373|1|UN|600|3,9|18|
|C425|103110|1|UN|59|0,38|1,77|
|C425|120080|1|UN|139|0,9|4,17|
|C425|180270|1|UN|259|1,68|7,77|
|C425|180273|1|UN|300|1,95|9|
|C425|120130|1|UN|49|0,32|1,47|
|C425|330050|2|UN|96|0,63|2,88|
|C425|500040|1|UN|35|0,23|1,05|
|C425|701180|2|UN|18|0,12|0,54|
|C425|890360|1|UN|149|0,97|4,47|
|C425|910781|1|UN|69|0,45|2,07|
|C425|900980|1|UN|35|0,23|1,05|
|C420|N1|79|||
|C425|710280|1|UN|79|0,51|2,37|
|C490|000|5102|17|5753|5753|978,01||
|C490|041|5102|0|79|0|0||
|C405|18102011|1|1427|28529|11565721,05|7614|
|C420|01T1700|7614|1||
|C425|330050|1|UN|49|0,32|1,47|
|C425|902350|1|UN|35|0,23|1,05|
|C425|902590|1|UN|10|0,07|0,3|
|C425|030630|1|UN|1650|10,73|49,5|
|C425|160170|1|UN|90|0,59|2,7|
|C425|330210|1|UN|69|0,45|2,07|
|C425|031110|1|UN|649|4,22|19,47|
|C425|290310|1|UN|149|0,97|4,47|
|C425|180970|1|UN|3060|19,89|91,8|
|C425|070420|1|UN|299|1,94|8,97|
|C425|040173|1|UN|970|6,31|29,1|
|C425|031130|1|UN|584|3,8|17,52|
|C490|000|5102|17|7614|7614|1294,38||
|C405|19102011|1|1428|28557|11573302,06|7581|
|C420|01T1700|7581|1||
|C425|680930|1|UN|119|0,77|3,57|
|C425|290220|1|UN|79|0,51|2,37|
|C425|290300|1|UN|129|0,84|3,87|
|C425|810860|1|UN|11|0,07|0,33|
|C425|890501|1|UN|99|0,64|2,97|
|C425|120130|2|UN|98|0,64|2,94|
|C425|290190|1|UN|55|0,36|1,65|
|C425|811130|1|UN|11|0,07|0,33|
|C425|290280|1|UN|119|0,77|3,57|
|C425|890560|1|UN|220|1,43|6,6|
|C425|120030|1|UN|99|0,64|2,97|
|C425|900341|1|UN|14|0,09|0,42|
|C425|030363|1|UN|495|3,22|14,85|
|C425|100210|1|UN|170|1,11|5,1|
|C425|030443|1|UN|553|3,59|16,59|
|C425|040183|1|UN|855|5,56|25,65|
|C425|040423|1|UN|730|4,75|21,9|
|C425|100200|1|UN|379|2,46|11,37|
|C425|220413|1|UN|950|6,18|28,5|
|C425|180260|1|UN|299|1,94|8,97|
|C425|180270|1|UN|259|1,68|7,77|
|C425|180290|1|UN|119|0,77|3,57|
|C425|180760|1|UN|629|4,09|18,87|
|C425|180770|1|UN|1090|7,09|32,7|
|C490|000|5102|17|7581|7581|1288,77||
|C405|20102011|1|1429|28571|11579688,07|6386|
|C420|01T1700|6380|1||
|C425|120130|1|UN|49|0,32|1,47|
|C425|660310|1|UN|59|0,38|1,77|
|C425|970740|1|UN|65|0,42|1,95|
|C425|330020|1|UN|97|0,63|2,91|
|C425|903080|1|UN|139|0,9|4,17|
|C425|090280|1|UN|179|1,16|5,37|
|C425|500610|1|UN|5|0,03|0,15|
|C425|290270|1|UN|75|0,49|2,25|
|C425|040520|2|UN|1980|12,87|59,4|
|C425|031260|1|UN|559|3,63|16,77|
|C425|120150|1|UN|55|0,36|1,65|
|C425|290190|1|UN|55|0,36|1,65|
|C425|180290|1|UN|119|0,77|3,57|
|C425|180273|1|UN|299|1,94|8,97|
|C425|180203|1|UN|399|2,59|11,97|
|C425|100210|1|UN|367|2,39|11,01|
|C425|040540|1|UN|1879|12,21|56,37|
|C420|N1|6|||
|C425|940350|1|UN|6|0,04|0,18|
|C490|000|5102|17|6380|6380|1084,6||
|C490|041|5102|0|6|0|0||
|C405|21102011|1|1430|28597|11599693,08|20544|
|C420|01T1700|20544|1||
|C425|811700|1|UN|13|0,08|0,39|
|C425|680020|1|UN|39|0,25|1,17|
|C425|030093|1|UN|990|6,44|29,7|
|C425|900431|1|UN|22|0,14|0,66|
|C425|520212|1|UN|45|0,29|1,35|
|C425|701620|1|UN|32|0,21|0,96|
|C425|501740|1|UN|59|0,38|1,77|
|C425|330240|1|UN|79|0,51|2,37|
|C425|950440|1|UN|1199|7,79|35,97|
|C425|680310|1|UN|89|0,58|2,67|
|C425|680360|1|UN|89|0,58|2,67|
|C425|180550|1|UN|539|3,5|16,17|
|C425|903140|1|UN|129|0,84|3,87|
|C425|902200|1|UN|25|0,16|0,75|
|C425|680760|2|UN|52|0,34|1,56|
|C425|680820|1|UN|45|0,29|1,35|
|C425|030383|1|UN|1300|8,45|39|
|C425|100210|1|UN|379|2,46|11,37|
|C425|030450|1|UN|949|6,17|28,47|
|C425|030533|1|UN|539|3,5|16,17|
|C425|030543|1|UN|749|4,87|22,47|
|C425|031130|1|UN|1250|8,13|37,5|
|C425|031283|1|UN|2050|13,33|61,5|
|C425|040280|1|UN|1357|8,82|40,71|
|C425|950330|1|UN|2499|16,24|74,97|
|C425|120090|1|UN|69|0,45|2,07|
|C425|150040|1|UN|59|0,38|1,77|
|C425|180190|2|UN|1180|7,67|35,4|
|C425|180770|3|UN|2532|16,46|75,96|
|C425|180790|1|UN|1749|11,37|52,47|
|C425|650200|2|UN|78|0,51|2,34|
|C425|890610|1|UN|359|2,33|10,77|
|C490|000|5102|17|20544|20544|3492,48||
|C405|22102011|1|1431|28622|11615348,08|15655|
|C420|01T1700|15655|1||
|C425|180550|1|UN|539|3,5|16,17|
|C425|031273|1|UN|1999|12,99|59,97|
|C425|900431|1|UN|22|0,14|0,66|
|C425|290280|2|UN|234|1,52|7,02|
|C425|120030|1|UN|96|0,62|2,88|
|C425|890070|1|UN|159|1,03|4,77|
|C425|813320|1|UN|59|0,38|1,77|
|C425|030123|1|UN|3299|21,44|98,97|
|C425|040460|2|UN|698|4,54|20,94|
|C425|920700|1|UN|49|0,32|1,47|
|C425|030203|1|UN|1519|9,87|45,57|
|C425|890341|1|UN|12|0,08|0,36|
|C425|850280|2|UN|78|0,5|2,34|
|C425|910460|1|UN|66|0,43|1,98|
|C425|030373|1|UN|1199|7,79|35,97|
|C425|150040|1|UN|59|0,38|1,77|
|C425|031093|1|UN|388|2,52|11,64|
|C425|040133|1|UN|789|5,13|23,67|
|C425|040383|1|UN|699|4,54|20,97|
|C425|040520|1|UN|1059|6,88|31,77|
|C425|100063|1|UN|309|2,01|9,27|
|C425|120090|1|UN|69|0,45|2,07|
|C425|502190|1|UN|55|0,36|1,65|
|C425|150070|1|UN|59|0,38|1,77|
|C425|180190|1|UN|599|3,89|17,97|
|C425|180273|2|UN|469|3,05|14,07|
|C425|180290|1|UN|115|0,75|3,45|
|C425|220143|1|UN|859|5,58|25,77|
|C425|330250|1|UN|99|0,64|2,97|
|C490|000|5102|17|15655|15655|2661,35||
|C405|25102011|1|1432|28663|11624806,1|9458|
|C420|01T1700|9458|1||
|C425|890450|1|UN|99|0,64|2,97|
|C425|180380|1|UN|499|3,24|14,97|
|C425|031260|1|UN|579|3,76|17,37|
|C425|500790|1|UN|7|0,05|0,21|
|C425|880010|1|UN|89|0,58|2,67|
|C425|702130|1|UN|35|0,23|1,05|
|C425|910150|1|UN|39|0,25|1,17|
|C425|040470|1|UN|399|2,59|11,97|
|C425|290280|2|UN|238|1,54|7,14|
|C425|501770|2|UN|24|0,16|0,72|
|C425|910760|1|UN|9|0,06|0,27|
|C425|120120|1|UN|279|1,81|8,37|
|C425|530350|1|UN|12|0,08|0,36|
|C425|680360|1|UN|89|0,58|2,67|
|C425|700891|1|UN|69|0,45|2,07|
|C425|900215|1|UN|8|0,05|0,24|
|C425|850280|1|UN|39|0,25|1,17|
|C425|840750|1|UN|32|0,21|0,96|
|C425|840760|1|UN|32|0,21|0,96|
|C425|102502|1|UN|99|0,64|2,97|
|C425|030130|1|UN|1990|12,94|59,7|
|C425|290260|2|UN|98|0,64|2,94|
|C425|030533|2|UN|1078|7,01|32,34|
|C425|031240|1|UN|269|1,75|8,07|
|C425|040550|1|UN|159|1,03|4,77|
|C425|100160|1|UN|469|3,05|14,07|
|C425|100200|3|UN|969|6,3|29,07|
|C425|100210|1|UN|379|2,46|11,37|
|C425|120080|1|UN|139|0,9|4,17|
|C425|180290|2|UN|238|1,54|7,14|
|C425|200530|1|UN|179|1,16|5,37|
|C425|901350|1|UN|19|0,12|0,57|
|C425|290300|1|UN|129|0,84|3,87|
|C425|330090|1|UN|119|0,77|3,57|
|C425|330130|1|UN|219|1,42|6,57|
|C425|330250|1|UN|99|0,64|2,97|
|C425|810891|1|UN|8|0,05|0,24|
|C425|813360|1|UN|9|0,06|0,27|
|C425|880260|1|UN|35|0,23|1,05|
|C425|890422|1|UN|79|0,51|2,37|
|C425|890501|1|UN|99|0,64|2,97|
|C490|000|5102|17|9458|9458|1607,86||
|C405|26102011|1|1433|28692|11643512,11|18706|
|C420|01T1700|18706|1||
|C425|030630|1|UN|777|5,05|23,31|
|C425|902511|3|UN|237|1,54|7,11|
|C425|040570|1|UN|199|1,29|5,97|
|C425|031273|1|UN|1999|12,99|59,97|
|C425|701510|1|UN|19|0,12|0,57|
|C425|890630|2|UN|315|2,04|9,45|
|C425|160170|2|UN|180|1,17|5,4|
|C425|701190|1|UN|7|0,05|0,21|
|C425|812040|2|UN|38|0,25|1,14|
|C425|950300|1|UN|89|0,58|2,67|
|C425|890530|1|UN|249|1,62|7,47|
|C425|330240|1|UN|79|0,51|2,37|
|C425|120120|1|UN|279|1,81|8,37|
|C425|701210|1|UN|19|0,12|0,57|
|C425|701990|1|UN|22|0,14|0,66|
|C425|740130|1|UN|39|0,25|1,17|
|C425|903190|2|UN|18|0,12|0,54|
|C425|180550|2|UN|1078|7|32,34|
|C425|660292|1|UN|59|0,38|1,77|
|C425|200040|1|UN|801|5,21|24,03|
|C425|030103|1|UN|1312|8,53|39,36|
|C425|120090|1|UN|69|0,45|2,07|
|C425|030130|1|UN|2099|13,64|62,97|
|C425|030363|1|UN|1066|6,93|31,98|
|C425|030910|1|UN|945|6,14|28,35|
|C425|040440|1|UN|429|2,79|12,87|
|C425|040530|3|UN|2309|15,01|69,27|
|C425|040540|1|UN|1999|12,99|59,97|
|C425|100200|1|UN|399|2,59|11,97|
|C425|103110|1|UN|59|0,38|1,77|
|C425|890501|1|UN|99|0,64|2,97|
|C425|180590|1|UN|249|1,62|7,47|
|C425|200480|1|UN|169|1,1|5,07|
|C425|200530|1|UN|87|0,57|2,61|
|C425|290060|2|UN|235|1,53|7,05|
|C425|290210|1|UN|349|2,27|10,47|
|C425|290310|1|UN|72|0,47|2,16|
|C425|330050|1|UN|49|0,32|1,47|
|C425|330090|1|UN|119|0,77|3,57|
|C425|880080|1|UN|89|0,58|2,67|
|C490|000|5102|17|18706|18706|3180,02||
|C405|27102011|1|1434|28716|11655763,11|12251|
|C420|01T1700|12251|1||
|C425|903080|1|UN|139|0,9|4,17|
|C425|902511|2|UN|158|1,02|4,74|
|C425|030033|1|UN|1139|7,4|34,17|
|C425|120130|1|UN|49|0,32|1,47|
|C425|220560|1|UN|579|3,76|17,37|
|C425|810351|1|UN|9|0,06|0,27|
|C425|330090|2|UN|176|1,14|5,28|
|C425|501791|1|UN|22|0,14|0,66|
|C425|050553|1|UN|649|4,22|19,47|
|C425|900914|1|UN|25|0,16|0,75|
|C425|200380|1|UN|499|3,24|14,97|
|C425|970120|1|UN|140|0,91|4,2|
|C425|030363|1|UN|1049|6,82|31,47|
|C425|090240|1|UN|59|0,38|1,77|
|C425|030960|1|UN|799|5,19|23,97|
|C425|040340|1|UN|1599|10,39|47,97|
|C425|040423|1|UN|769|5|23,07|
|C425|040540|1|UN|1999|12,99|59,97|
|C425|290290|1|UN|99|0,64|2,97|
|C425|100200|1|UN|387|2,52|11,61|
|C425|180270|1|UN|259|1,68|7,77|
|C425|180273|1|UN|300|1,95|9|
|C425|180770|1|UN|1149|7,47|34,47|
|C425|290053|1|UN|199|1,29|5,97|
|C490|000|5102|17|12251|12251|2082,67||
|C405|28102011|1|1435|28750|11672602,12|16839|
|C420|01T1700|16839|1||
|C425|040470|2|UN|798|5,18|23,94|
|C425|330030|1|UN|129|0,84|3,87|
|C425|502050|1|UN|19|0,12|0,57|
|C425|890520|1|UN|99|0,64|2,97|
|C425|890630|1|UN|154|1|4,62|
|C425|900071|2|UN|312|2,03|9,36|
|C425|701190|2|UN|14|0,09|0,42|
|C425|900433|2|UN|50|0,33|1,5|
|C425|900122|4|UN|100|0,66|3|
|C425|120130|2|UN|96|0,63|2,88|
|C425|100053|1|UN|449|2,92|13,47|
|C425|290280|1|UN|118|0,77|3,54|
|C425|901940|1|UN|19|0,12|0,57|
|C425|811020|1|UN|25|0,16|0,75|
|C425|840860|1|UN|124|0,81|3,72|
|C425|900951|1|UN|5|0,03|0,15|
|C425|970710|1|UN|23|0,15|0,69|
|C425|900971|1|UN|7|0,05|0,21|
|C425|030100|1|UN|2976|19,34|89,28|
|C425|120090|1|UN|69|0,45|2,07|
|C425|030103|1|UN|1350|8,78|40,5|
|C425|030443|1|UN|570|3,71|17,1|
|C425|031073|1|UN|742|4,82|22,26|
|C425|040173|3|UN|2988|19,42|89,64|
|C425|040383|1|UN|651|4,23|19,53|
|C425|070420|1|UN|299|1,94|8,97|
|C425|100160|1|UN|469|3,05|14,07|
|C425|104650|2|UN|18|0,12|0,54|
|C425|104660|2|UN|30|0,2|0,9|
|C425|180190|1|UN|575|3,74|17,25|
|C425|180203|1|UN|399|2,59|11,97|
|C425|330050|1|UN|49|0,32|1,47|
|C425|330210|1|UN|69|0,45|2,07|
|C425|902511|1|UN|79|0,51|2,37|
|C425|950370|1|UN|1699|11,04|50,97|
|C425|950460|1|UN|1249|8,12|37,47|
|C425|702160|1|UN|17|0,11|0,51|
|C490|000|5102|17|16839|16839|2862,63||
|C405|29102011|1|1436|28778|11689656,13|17054|
|C420|01T1700|17054|1||
|C425|850050|1|UN|55|0,36|1,65|
|C425|902710|1|UN|29|0,19|0,87|
|C425|030093|1|UN|2199|14,29|65,97|
|C425|290270|1|UN|89|0,58|2,67|
|C425|900830|1|UN|46|0,3|1,38|
|C425|330020|1|UN|105|0,68|3,15|
|C425|330240|1|UN|79|0,51|2,37|
|C425|900591|1|UN|99|0,64|2,97|
|C425|660300|1|UN|229|1,49|6,87|
|C425|050600|1|UN|679|4,41|20,37|
|C425|900283|1|UN|22|0,14|0,66|
|C425|031220|1|UN|1664|10,82|49,92|
|C425|910950|1|UN|59|0,38|1,77|
|C425|102301|1|UN|129|0,84|3,87|
|C425|030013|1|UN|1999|12,99|59,97|
|C425|100200|1|UN|399|2,59|11,97|
|C425|030253|1|UN|1599|10,39|47,97|
|C425|030393|1|UN|1549|10,07|46,47|
|C425|030523|1|UN|339|2,2|10,17|
|C425|031073|1|UN|742|4,82|22,26|
|C425|040290|1|UN|1099|7,14|32,97|
|C425|330250|1|UN|99|0,64|2,97|
|C425|100210|1|UN|368|2,39|11,04|
|C425|103110|1|UN|59|0,38|1,77|
|C425|180243|1|UN|530|3,45|15,9|
|C425|180750|1|UN|1999|12,99|59,97|
|C425|180760|1|UN|700|4,55|21|
|C425|290053|1|UN|90|0,59|2,7|
|C490|000|5102|17|17054|17054|2899,18||
|C405|31102011|1|1437|28796|11698437,14|8781|
|C420|01T1700|8702|1||
|C425|890440|1|UN|59|0,38|1,77|
|C425|910690|1|UN|45|0,29|1,35|
|C425|030083|1|UN|3099|20,14|92,97|
|C425|670890|1|UN|32|0,21|0,96|
|C425|051210|1|UN|1345|8,74|40,35|
|C425|840470|1|UN|59|0,38|1,77|
|C425|701870|1|UN|19|0,12|0,57|
|C425|902511|1|UN|79|0,51|2,37|
|C425|030333|1|UN|1899|12,34|56,97|
|C425|290190|1|UN|55|0,36|1,65|
|C425|290060|1|UN|259|1,68|7,77|
|C425|200530|1|UN|179|1,16|5,37|
|C425|180320|3|UN|135|0,88|4,05|
|C425|100210|1|UN|180|1,17|5,4|
|C425|040550|1|UN|159|1,03|4,77|
|C425|030473|1|UN|1099|7,14|32,97|
|C420|N1|79|||
|C425|710280|1|UN|79|0,51|2,37|
|C490|000|5102|17|8702|8702|1479,34||
|C490|041|5102|0|79|0|0||
|C400|2D|ECF|BE0106SC56001133153|4|
|C405|01102011|1|1102|13846|10970006,69|2388|
|C420|01T1700|2388|1||
|C425|031073|1|UN|1599|10,39|47,97|
|C425|330130|1|UN|229|1,49|6,87|
|C425|031260|1|UN|560|3,64|16,8|
|C490|000|5102|17|2388|2388|405,96||
|C405|03102011|1|1103|13886|10982343,69|12337|
|C420|01T1700|12337|1||
|C425|901130|1|UN|85|0,55|2,55|
|C425|040123|1|UN|749|4,87|22,47|
|C425|031260|1|UN|550|3,58|16,5|
|C425|290270|3|UN|297|1,92|8,91|
|C425|330030|1|UN|139|0,9|4,17|
|C425|500380|1|UN|50|0,33|1,5|
|C425|120070|1|UN|149|0,97|4,47|
|C425|910782|1|UN|79|0,51|2,37|
|C425|903080|2|UN|298|1,94|8,94|
|C425|220403|1|UN|1799|11,69|53,97|
|C425|330240|1|UN|89|0,58|2,67|
|C425|680500|1|UN|55|0,36|1,65|
|C425|901410|2|UN|238|1,54|7,14|
|C425|180400|1|UN|499|3,24|14,97|
|C425|810571|1|UN|89|0,58|2,67|
|C425|040440|1|UN|400|2,6|12|
|C425|290190|2|UN|138|0,9|4,14|
|C425|100160|1|UN|470|3,06|14,1|
|C425|100200|1|UN|399|2,59|11,97|
|C425|180270|3|UN|777|5,04|23,31|
|C425|180273|1|UN|319|2,07|9,57|
|C425|200050|1|UN|2999|19,49|89,97|
|C425|200510|1|UN|520|3,38|15,6|
|C425|902511|1|UN|90|0,59|2,7|
|C425|290220|2|UN|168|1,09|5,04|
|C425|290250|2|UN|248|1,61|7,44|
|C425|290290|3|UN|348|2,26|10,44|
|C425|330050|2|UN|118|0,76|3,54|
|C425|330250|1|UN|109|0,71|3,27|
|C425|840432|1|UN|69|0,45|2,07|
|C490|000|5102|17|12337|12337|2097,29||
|C405|04102011|1|1104|13897|10992646,69|10303|
|C420|01T1700|10303|1||
|C425|120020|1|UN|109|0,71|3,27|
|C425|031273|1|UN|1919|12,47|57,57|
|C425|950310|1|UN|119|0,77|3,57|
|C425|910782|1|UN|79|0,51|2,37|
|C425|330250|1|UN|109|0,71|3,27|
|C425|180203|1|UN|399|2,59|11,97|
|C425|030133|1|UN|1799|11,69|53,97|
|C425|100210|1|UN|379|2,46|11,37|
|C425|031093|1|UN|399|2,59|11,97|
|C425|030433|1|UN|799|5,19|23,97|
|C425|030353|1|UN|2343|15,23|70,29|
|C425|030303|1|UN|1850|12,03|55,5|
|C490|000|5102|17|10303|10303|1751,51||
|C405|05102011|1|1105|13906|10995470,69|2824|
|C420|01T1700|2824|1||
|C425|030433|1|UN|799|5,19|23,97|
|C425|100210|1|UN|379|2,46|11,37|
|C425|120090|1|UN|69|0,45|2,07|
|C425|910782|1|UN|79|0,51|2,37|
|C425|040123|2|UN|1498|9,74|44,94|
|C490|000|5102|17|2824|2824|480,08||
|C405|06102011|1|1106|13914|10996047,69|577|
|C420|01T1700|577|1||
|C425|150040|1|UN|59|0,38|1,77|
|C425|290190|1|UN|60|0,39|1,8|
|C425|290300|2|UN|278|1,8|8,34|
|C425|702210|1|UN|160|1,04|4,8|
|C425|502300|1|UN|20|0,13|0,6|
|C490|000|5102|17|577|577|98,09||
|C405|08102011|1|1108|13937|11005222,69|6527|
|C420|01T1700|6527|1||
|C425|030363|4|UN|4978|32,36|149,34|
|C425|031020|1|UN|1549|10,07|46,47|
|C490|000|5102|17|6527|6527|1109,59||
|C405|10102011|1|1108|13976|11018139,69|12917|
|C420|01T1700|12917|1||
|C425|520440|1|UN|71|0,46|2,13|
|C425|903081|1|UN|289|1,88|8,67|
|C425|910782|1|UN|79|0,51|2,37|
|C425|950450|1|UN|789|5,13|23,67|
|C425|500082|1|UN|49|0,32|1,47|
|C425|890550|1|UN|199|1,29|5,97|
|C425|901130|1|UN|85|0,55|2,55|
|C425|950300|1|UN|89|0,58|2,67|
|C425|902171|1|UN|300|1,95|9|
|C425|660930|1|UN|140|0,91|4,2|
|C425|680500|1|UN|55|0,36|1,65|
|C425|150420|1|UN|99|0,64|2,97|
|C425|200390|1|UN|499|3,24|14,97|
|C425|660292|1|UN|59|0,38|1,77|
|C425|901411|1|UN|99|0,64|2,97|
|C425|270010|1|UN|579|3,76|17,37|
|C425|030393|1|UN|1549|10,07|46,47|
|C425|180270|5|UN|1286|8,35|38,58|
|C425|040103|1|UN|1599|10,39|47,97|
|C425|040133|1|UN|750|4,88|22,5|
|C425|040290|1|UN|1099|7,14|32,97|
|C425|040530|1|UN|929|6,04|27,87|
|C425|040550|1|UN|179|1,16|5,37|
|C425|090240|1|UN|69|0,45|2,07|
|C425|100210|1|UN|379|2,46|11,37|
|C425|890370|1|UN|330|2,15|9,9|
|C425|180273|2|UN|628|4,08|18,84|
|C425|290290|1|UN|119|0,77|3,57|
|C425|330050|1|UN|59|0,38|1,77|
|C425|330130|1|UN|229|1,49|6,87|
|C425|330210|1|UN|79|0,51|2,37|
|C425|330250|1|UN|109|0,71|3,27|
|C425|500040|1|UN|45|0,29|1,35|
|C490|000|5102|17|12917|12917|2195,89||
|C405|11102011|1|1110|13992|11022818,69|4679|
|C420|01T1700|4679|1||
|C425|900872|1|UN|109|0,71|3,27|
|C425|150420|1|UN|99|0,64|2,97|
|C425|950141|1|UN|189|1,23|5,67|
|C425|200420|1|UN|170|1,11|5,1|
|C425|500082|2|UN|98|0,64|2,94|
|C425|030143|1|UN|1899|12,34|56,97|
|C425|330010|1|UN|119|0,77|3,57|
|C425|290340|1|UN|69|0,45|2,07|
|C425|290033|1|UN|170|1,11|5,1|
|C425|120020|2|UN|208|1,35|6,24|
|C425|030393|1|UN|1549|10,07|46,47|
|C490|000|5102|17|4679|4679|795,43||
|C405|13102011|1|1111|14020|11036527,69|13709|
|C420|01T1700|13709|1||
|C425|500050|1|UN|59|0,38|1,77|
|C425|910785|2|UN|158|1,02|4,74|
|C425|950440|1|UN|1199|7,79|35,97|
|C425|031273|1|UN|1939|12,6|58,17|
|C425|330030|1|UN|139|0,9|4,17|
|C425|902511|2|UN|170|1,11|5,1|
|C425|900071|1|UN|159|1,03|4,77|
|C425|680940|1|UN|55|0,36|1,65|
|C425|950300|1|UN|89|0,58|2,67|
|C425|901410|1|UN|110|0,72|3,3|
|C425|970210|1|UN|39|0,25|1,17|
|C425|030100|1|UN|3099|20,14|92,97|
|C425|040530|1|UN|929|6,04|27,87|
|C425|030443|1|UN|1229|7,99|36,87|
|C425|030910|1|UN|999|6,49|29,97|
|C425|040393|1|UN|999|6,49|29,97|
|C425|040423|1|UN|739|4,8|22,17|
|C425|330090|3|UN|345|2,25|10,35|
|C425|090240|1|UN|69|0,45|2,07|
|C425|180190|1|UN|599|3,89|17,97|
|C425|290033|2|UN|358|2,32|10,74|
|C425|290220|1|UN|89|0,58|2,67|
|C425|290300|1|UN|139|0,9|4,17|
|C490|000|5102|17|13709|13709|2330,53||
|C405|14102011|1|1112|14030|11039363,69|2836|
|C420|01T1700|2836|1||
|C425|030473|1|UN|1020|6,63|30,6|
|C425|031240|1|UN|289|1,88|8,67|
|C425|180203|1|UN|385|2,5|11,55|
|C425|180270|1|UN|259|1,68|7,77|
|C425|180590|1|UN|240|1,56|7,2|
|C425|290290|1|UN|119|0,77|3,57|
|C425|290270|1|UN|99|0,64|2,97|
|C425|100053|1|UN|425|2,76|12,75|
|C490|000|5102|17|2836|2836|482,12||
|C405|15102011|1|1113|14040|11040996,69|1633|
|C420|01T1700|1633|1||
|C425|040423|1|UN|769|5|23,07|
|C425|180270|1|UN|259|1,68|7,77|
|C425|910781|1|UN|69|0,45|2,07|
|C425|910784|1|UN|69|0,45|2,07|
|C425|890550|1|UN|199|1,29|5,97|
|C425|950300|1|UN|99|0,64|2,97|
|C425|900740|1|UN|169|1,1|5,07|
|C490|000|5102|17|1633|1633|277,61||
|C405|17102011|1|1114|14047|11047702,69|7025|
|C420|01T1700|7025|1||
|C425|030130|1|UN|2099|13,64|62,97|
|C425|030353|1|UN|2299|14,94|68,97|
|C425|030363|1|UN|1099|7,14|32,97|
|C425|030473|1|UN|1020|6,63|30,6|
|C425|180273|1|UN|319|2,07|9,57|
|C425|290053|1|UN|189|1,23|5,67|
|C490|000|5102|17|7025|7025|1194,25||
|C405|18102011|1|1115|14070|11050456,69|2754|
|C420|01T1700|2754|1||
|C425|502201|1|UN|75|0,49|2,25|
|C425|901290|1|UN|39|0,25|1,17|
|C425|813510|1|UN|49|0,32|1,47|
|C425|330240|1|UN|89|0,58|2,67|
|C425|950300|2|UN|178|1,16|5,34|
|C425|900331|1|UN|59|0,38|1,77|
|C425|290280|1|UN|139|0,9|4,17|
|C425|330030|1|UN|139|0,9|4,17|
|C425|160140|1|UN|189|1,23|5,67|
|C425|902171|2|UN|639|4,15|19,17|
|C425|090240|2|UN|138|0,9|4,14|
|C425|330250|1|UN|99|0,64|2,97|
|C425|330090|1|UN|119|0,77|3,57|
|C425|330050|1|UN|49|0,32|1,47|
|C425|330010|1|UN|119|0,77|3,57|
|C425|290340|1|UN|69|0,45|2,07|
|C425|290300|1|UN|139|0,9|4,17|
|C425|290190|1|UN|59|0,38|1,77|
|C425|180270|1|UN|259|1,68|7,77|
|C425|120020|1|UN|109|0,71|3,27|
|C490|000|5102|17|2754|2754|468,18||
|C405|19102011|1|1116|14083|11056892,69|6436|
|C420|01T1700|6436|1||
|C425|502201|1|UN|65|0,42|1,95|
|C425|040470|1|UN|399|2,59|11,97|
|C425|890550|1|UN|199|1,29|5,97|
|C425|290270|1|UN|89|0,58|2,67|
|C425|902511|1|UN|90|0,59|2,7|
|C425|030373|1|UN|1199|7,79|35,97|
|C425|180273|1|UN|319|2,07|9,57|
|C425|100030|1|UN|519|3,37|15,57|
|C425|090240|1|UN|59|0,38|1,77|
|C425|040173|1|UN|999|6,49|29,97|
|C425|030850|1|UN|2499|16,24|74,97|
|C490|000|5102|17|6436|6436|1094,12||
|C405|20102011|1|1117|14092|11059092,69|2200|
|C420|01T1700|2200|1||
|C425|030450|1|UN|949|6,17|28,47|
|C425|100030|1|UN|589|3,83|17,67|
|C425|180273|1|UN|319|2,07|9,57|
|C425|330090|1|UN|129|0,84|3,87|
|C425|910783|1|UN|75|0,49|2,25|
|C425|330030|1|UN|139|0,9|4,17|
|C490|000|5102|17|2200|2200|374||
|C405|21102011|1|1118|14098|11066857,69|7765|
|C420|01T1700|7765|1||
|C425|040393|1|UN|999|6,49|29,97|
|C425|040430|1|UN|339|2,2|10,17|
|C425|030123|1|UN|3299|21,44|98,97|
|C425|031030|1|UN|1329|8,64|39,87|
|C425|031010|1|UN|1799|11,69|53,97|
|C490|000|5102|17|7765|7765|1320,05||
|C405|22102011|1|1119|14106|11070271,69|3414|
|C420|01T1700|3414|1||
|C425|030053|1|UN|1999|12,99|59,97|
|C425|030363|1|UN|1099|7,14|32,97|
|C425|090240|1|UN|69|0,45|2,07|
|C425|290290|1|UN|119|0,77|3,57|
|C425|330050|1|UN|59|0,38|1,77|
|C425|890440|1|UN|69|0,45|2,07|
|C490|000|5102|17|3414|3414|580,38||
|C405|25102011|1|1120|14115|11075235,69|4964|
|C420|01T1700|4964|1||
|C425|040280|1|UN|1399|9,09|41,97|
|C425|040383|1|UN|699|4,54|20,97|
|C425|180270|1|UN|259|1,68|7,77|
|C425|890370|1|UN|349|2,27|10,47|
|C425|030293|1|UN|1599|10,39|47,97|
|C425|040453|1|UN|659|4,28|19,77|
|C490|000|5102|17|4964|4964|843,88||
|C405|26102011|1|1121|14152|11089219,69|13984|
|C420|01T1700|13984|1||
|C425|030293|1|UN|1445|9,39|43,35|
|C425|180910|1|UN|4499|29,24|134,97|
|C425|890550|1|UN|199|1,29|5,97|
|C425|890630|2|UN|328|2,13|9,84|
|C425|890500|1|UN|100|0,65|3|
|C425|290280|1|UN|139|0,9|4,17|
|C425|890560|1|UN|239|1,55|7,17|
|C425|950310|1|UN|139|0,9|4,17|
|C425|040453|1|UN|659|4,28|19,77|
|C425|902172|1|UN|320|2,08|9,6|
|C425|910810|1|UN|399|2,59|11,97|
|C425|970370|1|UN|45|0,29|1,35|
|C425|901541|1|UN|59|0,38|1,77|
|C425|813160|1|UN|49|0,32|1,47|
|C425|040013|1|UN|1080|7,02|32,4|
|C425|290250|1|UN|119|0,77|3,57|
|C425|040280|1|UN|1350|8,78|40,5|
|C425|040423|1|UN|769|5|23,07|
|C425|120020|1|UN|99|0,64|2,97|
|C425|180270|3|UN|797|5,18|23,91|
|C425|290220|3|UN|257|1,67|7,71|
|C425|902511|2|UN|160|1,04|4,8|
|C425|290340|1|UN|69|0,45|2,07|
|C425|330010|1|UN|119|0,77|3,57|
|C425|330050|1|UN|59|0,38|1,77|
|C425|810560|1|UN|29|0,19|0,87|
|C425|890370|1|UN|349|2,27|10,47|
|C425|890501|1|UN|109|0,71|3,27|
|C490|000|5102|17|13984|13984|2377,28||
|C405|27102011|1|1122|14161|11094112,69|4893|
|C420|01T1700|4893|1||
|C425|040213|1|UN|640|4,16|19,2|
|C425|040530|3|UN|2697|17,53|80,91|
|C425|090240|1|UN|69|0,45|2,07|
|C425|150040|1|UN|59|0,38|1,77|
|C425|290250|1|UN|129|0,84|3,87|
|C425|031030|1|UN|1299|8,44|38,97|
|C490|000|5102|17|4893|4893|831,81||
|C405|28102011|1|1123|14183|11096496,7|2384|
|C420|01T1700|2384|1||
|C425|910782|1|UN|66|0,43|1,98|
|C425|810571|1|UN|89|0,58|2,67|
|C425|903573|1|UN|300|1,95|9|
|C425|150420|1|UN|109|0,71|3,27|
|C425|330240|2|UN|178|1,16|5,34|
|C425|950300|1|UN|99|0,64|2,97|
|C425|680940|1|UN|55|0,36|1,65|
|C425|090280|1|UN|189|1,23|5,67|
|C425|813550|1|UN|39|0,25|1,17|
|C425|910784|1|UN|66|0,43|1,98|
|C425|040550|1|UN|159|1,03|4,77|
|C425|910781|2|UN|147|0,95|4,41|
|C425|840432|1|UN|69|0,45|2,07|
|C425|810831|1|UN|45|0,29|1,35|
|C425|330090|1|UN|139|0,9|4,17|
|C425|290340|1|UN|69|0,45|2,07|
|C425|290300|1|UN|129|0,84|3,87|
|C425|290290|1|UN|119|0,77|3,57|
|C425|180270|1|UN|259|1,68|7,77|
|C425|090240|1|UN|59|0,38|1,77|
|C490|000|5102|17|2384|2384|405,28||
|C405|29102011|1|1124|14190|11102844,7|6348|
|C420|01T1700|6348|1||
|C425|030130|1|UN|1990|12,94|59,7|
|C425|030970|1|UN|1490|9,69|44,7|
|C425|031283|1|UN|2099|13,64|62,97|
|C425|040423|1|UN|769|5|23,07|
|C490|000|5102|17|6348|6348|1079,16||
|C405|31102011|1|1125|14198|11106669,7|3825|
|C420|01T1700|3825|1||
|C425|031093|1|UN|399|2,59|11,97|
|C425|040213|1|UN|643|4,18|19,29|
|C425|050990|1|UN|2490|16,19|74,7|
|C425|050553|1|UN|293|1,9|8,79|
|C490|000|5102|17|3825|3825|650,25||
|C990|2071|
|D001|0|
|D100|0|1|800006976|08|00|U||023699||29092011|21102011|||169,60||2|169,60|169,60|11,87||||
|D190|000|2353|7,00|169,60|169,60|11,87|0||
|D100|0|1|800006976|08|00|U||023716||30092011|22102011|||118,00||2|118,00|118,00|8,26||||
|D190|000|2353|7,00|118,00|118,00|8,26|0||
|D100|0|1|800006976|08|00|U||023875||14102011|29102011|||101,82||2|101,82|101,82|7,13||||
|D190|000|2353|7,00|101,82|101,82|7,13|0||
|D100|0|1|800006976|08|00|U||023939||21102011|31102011|||74,92||2|74,92|74,92|5,24||||
|D190|000|2353|6,99|74,92|74,92|5,24|0||
|D100|0|1|800006976|08|00|U||023849||11102011|27102011|||72,10||2|72,10|72,10|5,05||||
|D190|000|2353|7,00|72,10|72,10|5,05|0||
|D100|0|1|800006986|08|00|U||123284||15102011|26102011|||794,10||2|794,10|794,10|55,59||||
|D190|000|2353|7,00|794,10|794,10|55,59|0||
|D100|0|1|800006987|08|00|U||123285||15102011|26102011|||397,05||2|397,05|397,05|27,79||||
|D190|000|2353|7,00|397,05|397,05|27,79|0||
|D100|0|1|800006989|08|00|U||831167||23092011|15102011|||56,50||2|56,50|56,50|3,96||||
|D190|000|2353|7,01|56,50|56,50|3,96|0||
|D100|0|1|800006989|08|00|U||844256||14102011|27102011|||101,07||2|101,07|101,07|7,07||||
|D190|000|2353|7,00|101,07|101,07|7,07|0||
|D100|0|1|99900447|57|00|0||000061985||04102011|07102011|0||94,81||1|94,81|0|0|94,81|||
|D190|000|2353||94,81|0|0|0||
|D990|22|
|E001|0|
|E100|01102011|31102011|
|E110|78570,03|0|0|0|34698,02|0|37922,47|0|0|5949,54|0|5949,54|0|0|
|E111|CE020002|Crédito Antecipado|37922,47|
|E116|000|5949,54|20112011|1015|||||102011|
|E990|6|
|G001|1|
|G990|2|
|H001|1|
|H990|2|
|1001|0|
|1700|03|01|||119876|119880|201003857|
|1700|03|01|||119883|119892|201003857|
|1700|03|01|||119894|119899|201003857|
|1700|03|01|||119901|119905|201003857|
|1700|03|01|||119907|119909|201003857|
|1700|03|01|||119911|119914|201003857|
|1700|03|01|||119916|119918|201003857|
|1700|03|01|||119920|119929|201003857|
|1700|03|01|||119932|119934|201003857|
|1700|03|01|||119937|119947|201003857|
|1700|03|01|||119949|119968|201003857|
|1700|03|01|||119971|119981|201003857|
|1700|03|01|||119983|119989|201003857|
|1700|03|01|||119991|119993|201003857|
|1700|03|01|||119995|119998|201003857|
|1700|03|01|||120000|120000|201003857|
|1700|03|01|||120002|120012|201003857|
|1700|03|01|||120014|120018|201003857|
|1990|20|
|9001|0|
|9900|0000|1|
|9900|0001|1|
|9900|0005|1|
|9900|0100|1|
|9900|0150|52|
|9900|0190|8|
|9900|0200|572|
|9900|0220|28|
|9900|0500|1|
|9900|0990|1|
|9900|C001|1|
|9900|C100|198|
|9900|C170|644|
|9900|C190|201|
|9900|C400|2|
|9900|C405|47|
|9900|C420|55|
|9900|C425|867|
|9900|C490|55|
|9900|C990|1|
|9900|D001|1|
|9900|D100|10|
|9900|D190|10|
|9900|D990|1|
|9900|E001|1|
|9900|E100|1|
|9900|E110|1|
|9900|E111|1|
|9900|E116|1|
|9900|E990|1|
|9900|G001|1|
|9900|G990|1|
|9900|H001|1|
|9900|H990|1|
|9900|1001|1|
|9900|1700|18|
|9900|1990|1|
|9900|9001|1|
|9900|9900|41|
|9900|9990|1|
|9900|9999|1|
|9990|44|
|9999|2833|
