|0000|004|1|01112011|30112011|LOJAS CARROSSEL COMERCIO E REPRESENTACOES LTDA|23455967000163||CE|060730463|2304400|||B|1|
|0001|0|
|0005|LOJAS CARROSSEL|60125160|RUA VISCONDE DE MAUA|2085||ALDEOTA|8532614533||lojascarrossel@hotmail.com|
|0100|JOSE ADRIANO PONTES FEITOSA|26472830363|CE011117O6||60025100|RUA MAJOR FACUNDO|844|SALAS 42 E 44|CENTRO|8532532340||adrianofeitosa44@yahoo.com.br|2304400|
|0150|12971|GRAFICA E EDITORA ELEAL LTDA|1058|07181234000121|||2304400||R Senador Alencar|1575||Centro|
|0150|13075|MJ COM. E SERV. DE INFORM. E TELECOMUNICACAO LTDA|1058|10285063000195||063702134|2304400||RUA DOUTOR JOSe LOURENcO||1300 .|ALDEOTA|
|0150|100004613|DISTRIB.DE ALIMENTOS FARTURA S/A|1058|03720882001200||065640802|2304400||Av Oliveira Paiva|170||Cidade dos Funcionários|
|0150|800006976|CONEXAO TRANSPORTES DIST E LOG LTDA|1058|63318604000281|||3518800||R Rua Paschoal Ricci|30||Jardim Presidente Dutra|
|0150|800006977|LOJAS CARROSSEL COMERCIO E REPRESENTACOES LTDA|1058|23455967000163|||2304400||RUA VISCONDE DE MAUA,2085 ALDEOTA|||ALDOTA|
|0150|800006983|WHIRLPOOL S.A.|1058|59105999006036||033829900|2607901||Av . Eixo da integracao|689||Bloco C2-C3|
|0150|800006984|MLOG ARMAZEM GERAL LTDA-GUARARAPES|1058|05117268000989||18158003410011|2607901||AV.EIXO DA INTEGRACAO, 689 - Bloco C2-C3||BL.D.GLD5 SALA 01||
|0150|800006986|WHIRPOOL S.A|1058|59105999003959||250050889|4209102||DONA FRANCISCA|7200||INDUSTRIAL|
|0150|800006987|MLOG ARMAZEM GERAL LTDA-JLLE|1058|05117268000806||255247770|4209102||DONA FRANCISCA 7200||||
|0150|800006989|MLOG ARMAZEM GERAL LTDA-RC|1058|05117268000555||587274102112|3543907||AV. 80-A 77||||
|0150|800006991|WHIRLPOOL ELETROMESTICOS AM S.A|1058|63699839000180||062001256|1302603||Av Torquato Tapajós|7500||Colônia Terra Nova|
|0150|800006992|PANASONIC DO BRASIL LIMITADA|1058|04403408000912||645482612112|3549904||Ro Presidente Dutra|155||Jardim das Indústrias|
|0150|800006993|J.I ADMINISTRACAO DE IMOVEIS LTDA|1058|07052566000106|||2304400||R Nunes Valente|2210||Dionisio Torres|
|0150|800006994|ZAIRTON GASPAR DE OLIVEIRA FILHO|1058||12211680372||2304400||R R.BARBOSA DE FREITAS 171 APTO 500|||MEIRELES|
|0150|800007074|SOYOS DIST.DE ART.VID.CRIST. S/A|1058|03449322000100||305075828113|3515707||R Prefeito Takume Koike|152||Núcleo Itaim|
|0150|800007076|BANCAFIL COM.DE EXP.E IMP.LTDA|1058|64095946000161||112728088116|3550308||R RUA BARRA DO TIBAJI,1126/1128||||
|0150|800007146|UNIMED FORTALEZA COOP.DE TRAB.LTDA|1058|05868278000107|||2304400||Av Godofredo Maciel|51||Parangaba|
|0150|800007236|BISTRO COM.DE ALIM.PREPARADOS LTDA|1058|10307660000173|||2304400||Av Santos Dumont|2391|A|Aldeota|
|0150|800007237|CBI INDUSTRIA E COMERCIO LTDA|1058|02093397000562||062893908|2927408||R RUA GENARO DE CARVALHO,150||||
|0150|800007238|KLEBER GALIZA MOTA-EPP|1058|09187611000165||063577917|2304285||AV LITORANEA|1000||Centro|
|0150|800007239|CONDOMINIO EDIFICIO DURAZZO|1058|07202800000134|||2304400||R Marcos MacÛdo|700||Aldeota|
|0150|800007240|LUIS FOLHA|1058||44358359248||2304400||R João Brígido|1743||Joaquim Távora|
|0150|800007242|LIANA KAROL OLIVEIRA DE CARVALHO|1058||85586870304||2304400||R Monsenhor Bruno|200||Meireles|
|0150|800007243|NATALIA T.VIEIRA BAYMA|1058||00663562376||2304400||R Recanto Tranquilo|255|BL-A 203|Serrinha|
|0150|800007244|JOSE EDSON HOLANDA FILHO|1058||63391988304||2304400||R Tibúrcio Frota|1550||Tauape|
|0150|800007245|EBANO ENGENHARIA LTDA|1058|06897949000112|||2304400||Av Desembargador Moreira|2120|SALA 305|Aldeota|
|0150|800007246|DESTAK EMPREENDIMENTOS E PARTI LTDA|1058|07169369000503|||2307650||Av Parque Leste|2179||Distrito Industrial|
|0150|800007247|ANGELICA LIRA GURGEL DO AMARAL|1058||00882584324||2304400||R NS 04|70||Engenheiro Luciano Cavalc|
|0150|800007248|ANA DEBORA OLIVEIRA DA SILVA|1058||24946809058||2304400||R Cônego Braveza|240||Cidade dos Funcionários|
|0150|800007249|MARROCOS ARAGAO PROJETOS INT.LTDA|1058|72300106000111|||2304400||R Osvaldo Cruz|2319||Dionisio Torres|
|0150|800007250|IVAN LINHARES CORDEIRO|1058||11473708001||2304400||R Tibúrcio Cavalcante|1222||Meireles|
|0150|800007252|FERNANDA DE OLIVEIRA VIANA|1058||51836937300||2304400||R Tibúrcio Cavalcante|2777||Dionisio Torres|
|0150|800007254|LUIZ ANTONIO LEITE BRAGA FILHO|1058||65431170368||2304400||Av Beira Mar|3960||Meireles|
|0150|800008026|LOJAS CARROSSEL COM. E REP.LTDA|1058|23455967000597||066697743|2304400||WASHINGTON SOARES||85 TERREO L.58A085|Edson Queiroz|
|0150|800008028|WHIRLPOOL S.A.|1058|59105999000348||587083307116|3543907||Av 80 A|777||Distrito Industrial|
|0150|800008069|MARIA DA CONCEIÇAO CAPISTRANO|1058||86670803575||2304400||R Valdetário Mota|1572|COBERTURA|Cocó|
|0150|800008070|JAIME CARNEIRO|1058||17770232708||2312403||R MORRO DO CHAPEU||||
|0150|800008071|NADJA DUTRA MONTENEGRO|1058||65761483483||2301000||R VIA LOCAL|5|VIA COLETORA 5/428|Centro|
|0190|UN|unidad|
|0190|PC|pacote|
|0190|PEC|pecote|
|0190|CJ|conjunto|
|0200|030053|REF.BRASTEMP F.FREE 420L BRM42 BR|||UN|00||||||
|0200|030130|REF.BRASTEMP F.FREE 352L BRM39 INOX|||UN|00||||||
|0220|PC|1,000|
|0200|030133|REF.BRASTEMP F.FREE 352L BRM39 BR|||UN|00||||||
|0220|PC|1,000|
|0200|030253|SEC.BRASTEMP/PISO ROTAT.BSR10A BR|||UN|00||||||
|0220|PC|1,000|
|0200|030303|LAVALOUCA BRASTEMP 12SERV.BLE12 BR|||UN|00||||||
|0200|030333|LAVAROUPA BRASTEMP 11KG BWL11 INOX|||UN|00||||||
|0220|PC|1,000|
|0200|030353|LAVASECA BRASTEMP 7kg/4Kg BWS24 PRATA|||UN|00||||||
|0200|030363|LAVAROUPA BRASTEMP 8KG BWB08A|||UN|00||||||
|0200|030373|LAVAROUPA TOTAL BRASTEMP 9KG BWL09A|||UN|00||||||
|0220|PC|1,000|
|0200|030383|LAVAROUPA BRASTEMP 11Kg BWL11 BR|||UN|00||||||
|0200|030433|FOGAO BRASTEMP CLEAN 4B BFO50BB BR|||UN|00||||||
|0200|030443|FOGAO BRASTEMP CLEAN 6B BFO76BB BR|||UN|00||||||
|0200|030460|FOGAO BRASTEMP CLEAN 6B BFO76 INOX|||UN|00||||||
|0200|030473|AR SPLIT BRASTEMP 9000BTU BBV09/BBY09|||UN|00||||||
|0220|PC|1,000|
|0200|030483|AR SPLIT BRASTEMP 12000BTU BBV12/BBY12|||UN|00||||||
|0220|PC|1,000|
|0200|030523|DEPURADOR BRASTEMP DE VILLE 4B BAA60|||UN|00||||||
|0200|030533|DEPURADOR BRASTEMP DE VILLE 6B BAA80|||UN|00||||||
|0200|030543|DEPUR.BRASTEMP QUALITY 4B XAT60 INOX|||UN|00||||||
|0220|PC|1,000|
|0200|030553|DEPUR.BRASTEMP QUALITY 6B XAT80 INOX|||UN|00||||||
|0220|PC|1,000|
|0200|030910|COOKTOP BRASTEMP 5B GAS VIDRO BDD76|||UN|00||||||
|0220|PC|1,000|
|0200|030940|FRIGO.BRASTEMP PORT/VIDRO 80L BZA08|||UN|00||||||
|0200|030960|ADEGA BRASTEMP 12GARRFAS BZC12 PRETA|||UN|00||||||
|0220|PC|1,000|
|0200|030970|FRIGOBAR BRASTEMP 120L BRC12X INOX|||UN|00||||||
|0220|PC|1,000|
|0200|031073|FOG.BRAST.ATIVE EMB.5B TIME BY776 BR|||UN|00||||||
|0220|PC|1,000|
|0200|031130|COIFA BRASTEMP BAI91 INOX|||UN|00||||||
|0220|PC|1,000|
|0200|031170|FOG.BRASTEMP ATIVE 5B EMB. BY776 INOX|||UN|00||||||
|0200|031240|ASPIRADOR PO BRASTEMP CLEAN B7B14A|||UN|00||||||
|0200|040013|REF.CONSUL F.FREE 360L CRB36 BR|||UN|00||||||
|0200|040053|REF.CONSUL 360L DUPLEX CRD36F BR|||UN|00||||||
|0200|040103|FREEZER CONSUL 260L CVU26D BR|||UN|00||||||
|0200|040133|FRIGOBAR CONSUL 120L CRC12A BR|||UN|00||||||
|0220|PC|1,000|
|0200|040173|FREEZER CONSUL 200L CVU20D BR|||UN|00||||||
|0220|PC|1,000|
|0200|040183|FREEZER CONSUL 100LTS CVT10B BRANCO|||UN|00||||||
|0220|PC|1,000|
|0200|040213|REF.CONSUL F.FREE 330L CRM33A BR|||UN|00||||||
|0200|040223|REF.CONSUL F.FREE 370L CRM37 BR|||UN|00||||||
|0220|PC|1,000|
|0200|040250|AR COND.CONSUL 7500 CCN07 C/CONT.|||UN|00||||||
|0220|PC|1,000|
|0200|040280|AR COND.CONSUL 12000 CCY12A C/CONTROLE|||UN|00||||||
|0220|PC|1,000|
|0200|040290|AR COND.CONSUL 10000 CCN10 C/CONT.|||UN|00||||||
|0220|PC|1,000|
|0200|040383|FOG.CONSUL FACILITE 4B CF550 INOX|||UN|00||||||
|0200|040393|FOG.CONSUL FACILITE 6B CF576 INOX|||UN|00||||||
|0200|040423|LAVAROUPA CONSUL 7KG CWI07 BR|||UN|00||||||
|0200|040430|DEPURADOR CONSUL 4B CAT60 INOX|||UN|00||||||
|0200|040440|DEPURADOR CONSUL 6B CAT80 INOX|||UN|00||||||
|0220|PC|1,000|
|0200|040520|AR SPLIT CONSUL 12000BTU CBV12/CBY12|||UN|00||||||
|0220|PC|1,000|
|0200|040550|ASPIRADOR PO CONSUL LEVE C7P13B|||UN|00||||||
|0200|040560|ASPIRADOR PO CONSUL SUPER C7A14A|||UN|00||||||
|0200|060100|BIC. CALOI ALUMINUM 21V ARO26|||UN|00||||||
|0200|070420|TV CCE 14 TELA PLANA TV-1418|||UN|00||||||
|0200|090220|CENTRIFUGA NKS TSK445 BRANCA|||UN|00||||||
|0200|090240|GRILL/SANDUICHEIRA NKS I-15 PRETA/IN|||UN|00||||||
|0200|100030|FOGAO ESMALTEC SAMOA 4B INOX 4013|||UN|00||||||
|0200|100160|GELAGUA ESMALTEC EGC35B INOX PR|||UN|00||||||
|0200|100200|GELAGUA COLUNA ESMALTEC EGC35B|||UN|00||||||
|0200|100210|GELAGUA MESA ESMALTEC EGM30 BR|||UN|00||||||
|0200|120020|LIQUIDIFICADOR C/FILTRO MONDIAL L-51|||UN|00||||||
|0200|120080|VENTILADOR COLUNA 40CM MONDIAL V-61|||UN|00||||||
|0200|120090|VENTILADOR 30CM MONDIAL NV-31|||UN|00||||||
|0200|150040|VENTILADOR MALLORY BOREAL 30CM|||UN|00||||||
|0200|150070|SANDUICHEIRA MALLORY GRILLMAX|||UN|00||||||
|0200|180203|F.MIC.PANASONIC FAMILY 35L NN-ST669|||UN|00||||||
|0200|180260|F.MI.PANASONIC PICCOLO NN-ST359 PRATA|||UN|00||||||
|0200|180280|TEL.S/FIO PANASONIC KXTG1371(1,9GHz)|||UN|00||||||
|0200|180290|TELEF.BINA PANASONIC KXTG1381(1,9GHZ)|||UN|00||||||
|0200|180590|TEL.RAMAL/BINA PANASONIC KX-TG6512|||UN|00||||||
|0200|180700|TV PANASONIC PLASMA 5O 3D TC-P50UT50B|||UN|00||||||
|0200|180770|TV PANASONIC LCD DTV 32 TC-L32C30B|||UN|00||||||
|0200|180790|TV PANASONIC LCD 42 TC-L42U30B|||UN|00||||||
|0200|180930|SUPORTE P/TV LCD 26 A 32 ARTICULADO|||UN|00||||||
|0200|220223|REF.ELECTROLUX DISPENSER RW34 BR|||UN|00||||||
|0200|220283|F.ELECTROLUX F.FREE 236L FFE24 BR|||UN|00||||||
|0200|220370|FOG.ELECTROLUX 2xFORNO 4B INOX 56DTX|||UN|00||||||
|0200|290060|FORNO ELETRICO SUGGAR 23L FE2322 INOX|||UN|00||||||
|0200|290190|SANDUICHEIRA SUGGAR SD-2022|||UN|00||||||
|0200|290220|LIQUID.SUGGAR LIQMAX LQ2222|||UN|00||||||
|0200|290230|GRILL COOK PRESS SUGGAR GR2042|||UN|00||||||
|0200|290260|JARRA ELETRICA SUGGAR JR1002|||UN|00||||||
|0200|290290|PANELA ELETRICA SUGGAR PE1022|||UN|00||||||
|0200|290300|CAFETEIRA SUGGAR 20XIC.INOX CF2022|||UN|00||||||
|0200|330050|FERRO WALITA AUTOMATICO RI133|||UN|00||||||
|0200|330090|BATEDEIRA WALITA RI7110|||UN|00||||||
|0200|330150|LIQUID. WALITA ALUMINIO RI2094|||UN|00||||||
|0200|330210|LIQUID. WALITA 2V RI2008|||UN|00||||||
|0200|330250|SANDUIC.WALITA GRILL 2386 PANINI|||UN|00||||||
|0200|500561|PICADOR/CEBO.BLACK WHITE MIMO SF9213|||UN|00||||||
|0200|500611|FACA MULTI.C/CABO COLOR MIMO ALA1082|||UN|00||||||
|0200|502030|SACA ROLHA EMBORRACHADO MIMO AC9188|||UN|00||||||
|0200|502201|BAND./ALCA OVAL INOX GR MIMO BJ1106|||UN|00||||||
|0200|502371|SUPORTE/PAREDE/UTENS.MIMO ASA9157|||UN|00||||||
|0200|650200|PROTETOR P/GARRAFAO AQUAXIQUE|||UN|00||||||
|0200|660090|GARRAFA TERM.SAMBA QUICK 1L COLOR|||UN|00||||||
|0200|701750|LUVA P/LIMPEZA/MICROF.HUDSON EVFWMM|||UN|00||||||
|0200|812970|KIT LIMPEZA 5PCS EDFORT SL001|||UN|00||||||
|0200|813370|BALDE P/PIPOCA PLAST.EDF.GRANDE SX96|||UN|00||||||
|0200|880050|FRIGIDEIRA 28 PROFIS.MULT.46028|||UN|00||||||
|0200|880080|FRIGID.32 MASTER MULTIFLON 46032|||UN|00||||||
|0200|890390|FAQUEIRO/EST.101PCS TRAMOT.66932/865|||UN|00||||||
|0200|910710|SALADEIRA KING RICAELLE PM7B/12|||UN|00||||||
|0200|910781|JG.6TACAS CLAUDIA V.TINTO RICAELLE|||UN|00||||||
|0200|910782|JG.6TACAS CLAUDIA V.BRANCO RICAELLE|||UN|00||||||
|0200|910784|JG.6TACAS CLAUDIA LICOR RICAELLE|||UN|00||||||
|0200|910785|JG.6TACAS CLAUDIA CHAMPANHE RICAELLE|||UN|00||||||
|0200|940390|CAPA P/MAQUINA DE LAVAR KOUNTRY|||UN|00||||||
|0200|950010|FOGAO GAS PORTATIL CHEFS YOI PRETO|||UN|00||||||
|0200|950310|CHURRASQ.ELET.FISCHER GRILL 4513|||UN|00||||||
|0200|950480|COOKTOP FISCHER 3B GAS/2B VITROC.7730|||UN|00||||||
|0200|950490|FORNO ELETRICO FISCHER 44L INOX 9982|||UN|00||||||
|0200|040123|FRIGOBAR CONSUL 80L CRC08A BR|||UN|00||||||
|0200|040570|ASPIRADOR PO CONSUL FACILITE C7P14A|||UN|00||||||
|0220|PC|1,000|
|0200|180380|MINI SYSTEM PANASONIC SC-AKX80|||UN|00||||||
|0200|501351|PORTA GUARDANAPO MIMO ASA19|||UN|00||||||
|0200|502190|BAND./ALCA ONDUL.INOX GR MIMO BJ1103|||UN|00||||||
|0200|502200|BAND./ALCA OVAL INOX PQ MIMO BJ1105|||UN|00||||||
|0200|702160|REMOVEDOR ODOR HUDSON PR6700|||UN|00||||||
|0200|950120|JG.AMERICANO 4PCS YOI AHG479|||UN|00||||||
|0200|030093|FREEZER BRASTEMP F.F 280L BVR28 BR|||UN|00||||||
|0200|030123|REF.BRASTEMP INVERSE 422L BRE50 INOX|||UN|00||||||
|0220|PC|1,000|
|0200|031120|COIFA BRASTEMP BAI60 INOX|||UN|00||||||
|0220|PC|1,000|
|0200|031160|FOG.BRAST.ATIVE 5B TIMER BF776 INOX|||UN|00||||||
|0200|031190|FOG.BRASTEMP.ATIVE 4B GRILL BF850 BR|||UN|00||||||
|0220|PC|1,000|
|0200|040203|REF.CONSUL F.FREE 330 CRM33 INOX|||UN|00||||||
|0200|051060|COOKTOP BOSCH 2B GAS INOX PCD-345C|||UN|00||||||
|0200|051323|REFRIGER.BOSCH DUPLEX 342L KSV36 BR|||UN|00||||||
|0200|120130|ESPREMEDOR PREMIUM MONDIAL E-02|||UN|00||||||
|0200|180910|REF.PANASONIC INVERTER 512L NRD512YZ|||UN|00||||||
|0220|PEC|1,000|
|0200|330030|LIQ.WALITA 3V FILTRO/ESPATULA RI2034|||UN|00||||||
|0200|500050|CAFETEIRA ALUM.P/9 XIC.MIMO AF09|||UN|00||||||
|0200|500820|ESCUMADEIRA MIMO ASA3|||UN|00||||||
|0200|700970|MIXER HUDSON FK42568|||UN|00||||||
|0200|813550|GARRAFA TERMICA 1L COLOR EDFORT GAF|||UN|00||||||
|0200|880010|CHURRASQUEIRA 28 MULTIFLON 54528|||UN|00||||||
|0200|890520|JG.P/SERVIR TP/VIDRO TRAMONT.3PCS 64310|||UN|00||||||
|0200|890550|JG.PANELAS TRAMONT.5PCS 65650700|||UN|00||||||
|0200|950400|COOKTOP INOX 4B FISCHER 4720-9548|||UN|00||||||
|0200|200360|DVD PHILIPS KARAOKE/MIC.DVP-3350KMX|||UN|00||||||
|0200|031030|FOG.BRASTEMP ATIVE EMB.4B INOX BY750|||UN|00||||||
|0220|PC|1,000|
|0200|040143|REF.CONSUL DEGELO SECO 300L CRA30 BR|||UN|00||||||
|0200|050840|DEP.BOSCH PROFESSIONAL 6B DHB845 INOX|||UN|00||||||
|0200|090280|FORNO ELETRICO NKS DKS-690|||UN|00||||||
|0200|680940|QUEIJEIRA VERONA SOYUS|||UN|00||||||
|0200|702210|JG.JANTAR REDONDO 20PCS HUDSON GL116|||UN|00||||||
|0200|840620|PRATO GIRAT.35CM BENC.740|||UN|00||||||
|0200|090310|DVD/GAME/KARAOKE NKS DVD4600|||UN|00||||||
|0200|180390|DVD HOME THEATER PANASONIC SC-PT580LB|||UN|00||||||
|0200|030860|REF.BRAST.SIDE BY SIDE 658L BRS70 INOX|||UN|00||||||
|0200|030870|REF.BRAST.SIDE BY SIDE 620L BRS62 INOX|||UN|00||||||
|0200|100053|FOGAO ESMALTEC HAWAII 6B 6005 BR|||UN|00||||||
|0200|220303|REF.ELECTROLUX F.FREE DF50 BR|||UN|00||||||
|0200|500630|CORTADOR/QUEIJO MIMO ASA12|||UN|00||||||
|0200|650720|TOALHA MESA REDON.NATAL 1,60CM YANGZI|||UN|00||||||
|0200|901130|6TACAS SORVETE.JULIA FULL 55604|||UN|00||||||
|0200|950300|CHURRASQ.ELET.FISCHER SWIFT 4665|||UN|00||||||
|0200|903070|PA P/GELO FULL 13574|||UN|00||||||
|0200|030630|LAVALOUCA BRASTEMP 8SERV.PLE20 PRATA|||UN|00||||||
|0200|050543|FOGAO CONT.PERFETTO 4B FSF12 BR|||UN|00||||||
|0200|090320|MICRO SYSTEM NKS MP3 PCD3005|||UN|00||||||
|0200|090340|RADIO PORTATIL NKS AM/FM AC-122|||UN|00||||||
|0200|101390|JG.2TACAS VINHO TINT.LUMINARC E8036|||UN|00||||||
|0200|120050|GRILL PREMIUM MONDIAL G-01|||UN|00||||||
|0200|150310|SANDUICHEIRA MALLORY GRILL MAX INOX|||UN|00||||||
|0200|180253|F.MIC.PANASONIC PERFECT NN-ST568|||UN|00||||||
|0200|220013|REF.ELECTROLUX 80LTS RE80 BR|||UN|00||||||
|0200|330020|LIQUIDIFICADOR WALITA 3V RI2035/00|||UN|00||||||
|0200|330240|ESPREMEDOR|||UN|00||||||
|0200|701420|MINI LIMPADOR HUDSON EV-FGR-M|||UN|00||||||
|0200|850050|CHAPA DUPLA FACE 280X230 FUMIL|||UN|00||||||
|0200|902230|GARRAFA P/AGUA 1000ML FULL 14893|||UN|00||||||
|0200|030293|LAVALOUCA BRASTEMP 8SERV.BLE20 BR|||UN|00||||||
|0200|050683|REFRIG. CONTINENTAL 270L RC27 BR|||UN|00||||||
|0200|051070|COOKTOP BOSCH 2B VITROCERAMIC PKC345|||UN|00||||||
|0200|051320|FOGAO BOSCH EXPR.GRIL 5B EM.INOX HEK|||UN|00||||||
|0200|090010|FORNO ELETRICO NKS DKS-650C|||UN|00||||||
|0200|100013|FOGAO ESMALTEC CARIBE 4B BR|||UN|00||||||
|0200|104190|BALDE KABALLA SORTIDOS 10710|||UN|00||||||
|0200|680690|PRATO PLANO COM ABA SOYUS|||UN|00||||||
|0200|700790|POTE RET.C/3DIV.1L HUDSON KX71511|||UN|00||||||
|0200|710280|ESCORREDOR 20PRATOS MAKINOX COLOR|||UN|00||||||
|0200|901280|CANTIL LISO INOX FULL 12949|||UN|00||||||
|0200|902430|RECHAUD RETAG.3L INOX FULL 13071|||UN|00||||||
|0200|040453|LAVAROUPA CONSUL 6KG CWI06 BR|||UN|00||||||
|0200|680660|SALADEIRA PANDORA 360 SOYUS|||UN|00||||||
|0200|950090|BUTANO IWATANI 250GR YOI|||UN|00||||||
|0200|150420|VENTILADOR MALLORY ZEFIRO 40CM|||UN|00||||||
|0200|502381|APOIO MULTIUSO SILIC.MIMO SN1056|||UN|00||||||
|0200|910720|JG.P/BOLO KING 7PCS RICAELLE NGR12S|||UN|00||||||
|0200|180550|DVD HOME THEATER PANASONIC SC-PT75LB|||UN|00||||||
|0200|520200|JG/JANTAR 20PCS AMARYGE ALIMP.P196120|||UN|00||||||
|0200|532410|VASO PRATEADO ROGEMAC 7,5 9019|||UN|00||||||
|0200|700760|POTE RETANG. 2,4L HUDSON KX71505|||UN|00||||||
|0200|813100|JG.6XIC.CAPUCCINO EDF.FE707/711/721|||UN|00||||||
|0200|180400|MINI SYSTEM PANASONIC SC-AKX10|||UN|00||||||
|0200|761380|PETISQUEIRA 18CM BRILHAN.16/094/18|||UN|00||||||
|0200|820190|JG.4PRATO SOBREMESA QUADRIF.183|||UN|00||||||
|0200|090120|RADIO AM/FM 4 FAIXAS NKS AC-118|||UN|00||||||
|0200|900241|LUVA DE SILICONE FULL 11615|||UN|00||||||
|0200|200390|DISC PLAYER PHILIPS BLUR-RAY BDP3100X|||UN|00||||||
|0200|901541|TABUA/FACA/VID/QUEIJO 30C FULL 16648|||UN|00||||||
|0200|902111|ADEGA P/12GARRAFAS FULL FIT 25276|||UN|00||||||
|0200|910950|PORTA GELO 15CM RICAELLE 97126/150|||UN|00||||||
|0200|910960|PORTA GELO 15CM RICAELLE 9713/150|||UN|00||||||
|0200|911040|SALADEIRA RONA 24CM RICAELLE 5150/240|||UN|00||||||
|0200|103280|CONCHA INOX J.F.C|||UN|00||||||
|0200|850070|CHAPA C/ALCA FUMIL 460X250|||UN|00||||||
|0200|030143|FREEZER BRASTEMP 240L BVG24G BR|||UN|00||||||
|0200|030830|FREEZER BRASTEMP F.F 280L BVR28 INOX|||UN|00||||||
|0200|030850|REF.BRASTEMP ALL 360L BRF36 INOX|||UN|00||||||
|0220|PC|1,000|
|0200|031093|FORNO MIC.BRASTEMP ATIVE 30L BMS45BR|||UN|00||||||
|0200|031110|F.MIC.BRASTEMP KING SIZE 38L BMX40 INOX|||UN|00||||||
|0220|PC|1,000|
|0200|031180|FOG.BRASTEMP 5B GOURMAND BF976 INOX|||UN|00||||||
|0200|040360|CLIMATIZADOR CONSUL PORTATIL CIF06AB|||UN|00||||||
|0220|PC|1,000|
|0200|040530|AR SPLIT CONSUL 9000BTU CBV09/CBY09|||UN|00||||||
|0220|PC|1,000|
|0200|103110|KIT.RODO,BALDE,REFIL,ROTECSUL|||UN|00||||||
|0200|103120|REFIL P/RODO ROTECSUL|||UN|00||||||
|0200|180190|F.MIC.PANASONIC FLAT PANAG.NNGF580 PR|||UN|00||||||
|0200|180243|F.MIC.PANASONIC STYLE NNGD587 INOX|||UN|00||||||
|0200|180320|TELEFONE PANASONIC KX-TS9LBW|||UN|00||||||
|0200|180940|SUPORTE P/TV LCD 37 A 42 ARTICULADO|||UN|00||||||
|0200|200370|MICRO SYSTEM PHILIPS MCM-166X/78|||UN|00||||||
|0200|200480|RADIO CD PHILIPS MP3 AZ-302S|||UN|00||||||
|0200|250520|ADEGA GE P/23 GARRAFAS AVGEP23|||UN|00||||||
|0200|290033|DEPURADOR SUGGAR SIRIUS 4B DS62 BR|||UN|00||||||
|0200|290053|DEPURADOR SUGGAR SIRIUS 6B DS82 BR|||UN|00||||||
|0200|290200|PASSADEIRA SUGGAR/VAPOR PV4261|||UN|00||||||
|0200|290210|PASSADEIRA SUGGAR/VAPOR/PROF.PV6282|||UN|00||||||
|0200|290250|BATEDEIRA BATPLUS SUGGAR BT9022 INOX|||UN|00||||||
|0200|290310|VENTILADOR TORRE SUGGAR 74CM VE7422|||UN|00||||||
|0200|500160|CAFETEIRA ALUM.P/3 XIC.MIMO AF03|||UN|00||||||
|0200|660230|GARRAFA TERM.MELODY QUICK 1L COLOR|||UN|00||||||
|0200|880260|FRIGIDEIRA DUPLA 18 MULTIFLON 55118|||UN|00||||||
|0200|900913|PORTA RETRATO ZAMAC 13X18 FULL 17011|||UN|00||||||
|0200|902171|JG.JANTAR PORC.42PCS RAIN FUL.15416|||UN|00||||||
|0200|902511|JG.6TACAS SOBREMESA VEGA FULL 56589|||UN|00||||||
|0200|910760|CUPULA SUMMER PEQ.15CM RICAELLE 311|||UN|00||||||
|0200|970410|BOMBONIERE VIDRO CONTHEY 134406|||UN|00||||||
|0200|180870|CAMERA DIGITAL PANASONIC DMC-FH2LB|||UN|00||||||
|0200|500082|JG.4TACAS SILVER P/AGUA MIMO TCS02|||UN|00||||||
|0200|500550|PA PARA BOLO MIMO ASA15|||UN|00||||||
|0200|501170|ESPATULA P/PATE MIMO ASA66|||UN|00||||||
|0200|031020|FOG.BRASTEMP ATIVE MAX.4B INOX BF760AR|||UN|00||||||
|0200|031150|FOG.BRASTEMP ATIVE 5B GRILL BF876 BR|||UN|00||||||
|0220|PC|1,000|
|0200|120170|KIT COZINHA COMPLETA MONDIAL KT06|||UN|00||||||
|0200|290270|FERRO MADRI SUGGAR S/FIO FR4022|||UN|00||||||
|0200|811030|COLHER/SORVETE EDFORT GL173|||UN|00||||||
|0200|813440|MEDIDOR 600ML EDFORT GL321|||UN|00||||||
|0200|910100|P.BOLO SUP.GR 40CM RICAELLE 116|||UN|00||||||
|0200|910900|VASO BOHEMIA 24CM RICAELLE 82501/245|||UN|00||||||
|0200|500610|FACA 23CM MIMO ASA39|||UN|00||||||
|0200|910150|PORTA PAO RICAELLE 132|||UN|00||||||
|0200|160110|CAFETEIRA PROGRAM.OSTER 24XIC.4281|||UN|00||||||
|0200|180510|MINI SYSTEM PANASONIC SC-AKX74LBK|||UN|00||||||
|0200|900600|COOLER 1GARR.P/FREEZER FULL.13992|||UN|00||||||
|0200|502300|JG.AMERICANO 4PCS COLOR MIMO JA105|||UN|00||||||
|0200|900221|CHAMPANHEIRA BARCO PEQ.BR FULL 14462|||UN|00||||||
|0200|902580|COOLER P/LATINHA FULL 15789 PRETO|||UN|00||||||
|0200|290280|GRILL PETISCO SUGGAR GR3032|||UN|00||||||
|0200|501140|COLHER P/ARROZ MIMO ASA2|||UN|00||||||
|0200|890560|BAIXELA TRAMONT.COSMOS 7PCS 64310080|||UN|00||||||
|0200|501750|BAND.RETANG.GRANDE MIMO YK9123|||UN|00||||||
|0200|903280|CHAMPANHEIRA VINO DUO FULL 1647|||UN|00||||||
|0200|051210|FOG.BOSCH STYLE GRILL 5B HSK44I INOX|||UN|00||||||
|0200|090130|RADIO RELOGIO AM/FM NKS GL-324|||UN|00||||||
|0200|330270|CENTRIFUGA WALITA RI1861|||UN|00||||||
|0200|740010|UVA JATEADA/FOLHA RESINA ARUANAN|||UN|00||||||
|0200|900950|JG.3COLHERES COCKTAIL FULL 12830|||UN|00||||||
|0200|180880|TV PANASONIC LCD 32 TC-L32C10B|||UN|00||||||
|0200|660930|BALDE P/GELO INOX 2L M.SHOP 70207|||UN|00||||||
|0200|680310|TACA TROPICAL GIGANTE SOYUS|||UN|00||||||
|0200|050600|FOGAO CONT.SPLENDIDO 4B INOX|||UN|00||||||
|0200|950151|JG.CHURRASCO/BOLSA 4PCS YOI|||UN|00||||||
|0200|540310|VEU COBRE JARRA INFINITY|||UN|00||||||
|0200|103240|JOGO P/BANHEIRO 4PCS J.F.C|||UN|00||||||
|0200|812990|PETISQUEIRA EDFORT BA008|||UN|00||||||
|0200|902970|POTE VIDRO/TP MAD.16CM FULL 46125|||UN|00||||||
|0200|813010|PETISQUEIRA 27CM EDFORT BA010|||UN|00||||||
|0200|970360|JG.4POTES REDON.VD/TP CONTHEY 146319|||UN|00||||||
|0200|900890|JG.6TACAS/SORVETE FULL 12269INOX|||UN|00||||||
|0200|910340|CONJ.TALLA 7PCS RICAELLE C206|||UN|00||||||
|0200|910810|JG.30 TACAS LAURA RICAELLE LA030|||UN|00||||||
|0200|970120|JG.JANTAR 20PCS 2FILETES D1442 CONTHEY|||UN|00||||||
|0200|680920|CINZEIRO CANADA SOYUS|||UN|00||||||
|0200|500622|RELOGIO PARED.BORDA FINO MIMO R10123|||UN|00||||||
|0200|502382|PRENDEDOR/EMB.SILIC.4PCS MIMO SN1063|||UN|00||||||
|0200|950062|BOWL BALI 5CM YOI 23356|||UN|00||||||
|0200|030393|LAVAROUPA BRASTEMP ATIVE MJ 9K BWT09|||UN|00||||||
|0220|PC|1,000|
|0200|500040|CAFETEIRA ALUM.P/6 XIC.MIMO AF06|||UN|00||||||
|0200|501300|RALADOR MIMO ASA16|||UN|00||||||
|0200|810891|PEG.UNIVERSAL 20,5CM EDFORT. GL203|||UN|00||||||
|0200|890360|FAQUEIRO LAGUNA 42PCS TRAMOT.66906/774|||UN|00||||||
|0200|890370|FAQUEIRO LAGUNA 76PCS TRAMOT.66906/30|||UN|00||||||
|0200|950390|COOKTOP VIDRO 5B FISCHER TCHAMA 1743|||UN|00||||||
|0200|950460|COIFA PARED FISCHER TALENT 60cm.9347|||UN|00||||||
|0200|120150|LIQUIDIFICADOR 2V MONDIAL L-26|||UN|00||||||
|0200|680020|JARRA IMPERIO GRANDE SOYUS|||UN|00||||||
|0200|031260|F.MIC.BRASTEMP OVEN GRIL 30L BMT45 INOX|||UN|00||||||
|0220|PC|1,000|
|0200|031263|F.MIC.BRASTEMP OVEN GRIL 30L BMF45 BR|||UN|00||||||
|0200|105106|BANDEJA C/ALCA GUINDER 7181|||UN|00||||||
|0200|500170|CHALEIRA INOX MIMO AJ10129|||UN|00||||||
|0200|680010|JARRA IMPERIO SOYUS PEQUENA|||UN|00||||||
|0200|680930|PRATO P/BOLO VERONA SOYUS|||UN|00||||||
|0200|890340|JG.P/FRIOS 2PCS INOX TRAMOTINA 64510|||UN|00||||||
|0200|120070|CENTRIFUGA JUICE MONDIAL CF-02|||UN|00||||||
|0200|500140|JG UTENCIL.C/7P?S(PAREDE)AS7A MIMO|||UN|00||||||
|0200|660261|JG.4FACAS P/PATE LINEA M.SHOP 30006|||UN|00||||||
|0200|105105|PORTA FRIOS 3PCS GUINDER 7211|||UN|00||||||
|0200|220100|AR COND ELECTROLUX 7500 EC07F|||UN|00||||||
|0200|811090|ESCORREDOR 22CM EDFORT COL22|||UN|00||||||
|0200|890500|JG. P/SERVIR OVAL 3PCS 64510184|||UN|00||||||
|0200|220650|REFRIG.ELECTROLUX 543L DF80X INOX|||UN|00||||||
|0200|500090|JG.UTENCIL.C/07PCS(GIRAT.)MIMO AS7|||UN|00||||||
|0200|500621|RELOGIO PARED.FAIXA ALUM.MIMO R10118|||UN|00||||||
|0200|500770|DESCASCADOR/LEGUMES MIMO ASA22|||UN|00||||||
|0200|680970|JARRA PARIS SOYUS|||UN|00||||||
|0200|890450|LIXEIRA C/PEDAL 12L INOX TRAM.94538/12|||UN|00||||||
|0200|520440|BALDE GELO VINO CURVA ALIMP.B32514|||UN|00||||||
|0200|120030|MINIFORNO MONDIAL FR-02|||UN|00||||||
|0200|501791|CESTO QUADR.ALCA OVAL MIMO YK9128 MED.|||UN|00||||||
|0200|120120|CENTRIFUGA PREMIUM MONDIAL CF-01|||UN|00||||||
|0200|970090|JG.FONDUE 5PCS CONTHEY DI3465|||UN|00||||||
|0200|901000|JG.BANHEIRO 3PCS FULL PRETO/BR 15201|||UN|00||||||
|0200|680360|TACA MILANO MEDIA SOYUS|||UN|00||||||
|0200|890410|CALDEIRAO INOX TRAMONTINA 62655/200|||UN|00||||||
|0200|030083|REF.BRASTEMP F.FREE 490L BRM49 INOX|||UN|00||||||
|0200|105301|FAQUEIRO INOX 42PCS GUINDER 42|||UN|00||||||
|0200|106070|PORTA GELO MADEIRA BEHLING PG01|||UN|00||||||
|0200|500750|PEGADOR DE SALADA MIMO ASA25|||UN|00||||||
|0200|501451|CENTRO/MESA/APOIO MIMO PQ. VD946P|||UN|00||||||
|0200|502080|JG.GALHETEIRO RED. MIMO 2PCS VD9194|||UN|00||||||
|0200|810060|JG.LICOR EDFORT 7PCS TZC01|||UN|00||||||
|0200|00074107|PRATO GIRATORIO 45CM DIAM CLEAR|||PC|00||||||
|0200|00074135|PRATO GIRATORIO PRETO 45CM DIAM|||PC|00||||||
|0200|501180|JG.12COLHER/MESA MIMO AT12C|||UN|00||||||
|0200|900215|COLHER/FUROS NYLON CB/INOX FULL.12627|||UN|00||||||
|0200|500123|SALEIRO/PIMENT.INOX MIMO 2PCS AQ04|||UN|00||||||
|0200|903281|CHAMPANHEIRA SALSA TRANSP.FULL 16472|||UN|00||||||
|0200|103030|TOALHA LAVABO BORDADA DECORADA|||UN|00||||||
|0200|890081|BANDEJA RETANGULAR TRAMONTINA 61529|||UN|00||||||
|0200|660292|JG.P/QUEIJO 3PCS M.SHOP 660040|||UN|00||||||
|0200|105300|FAQUEIRO INOX 24PCS GUINDER 24|||UN|00||||||
|0200|030030|REF.BRASTEMP F.FREE 429L BRM48 INOX|||UN|00||||||
|0220|PC|1,000|
|0200|030100|REF.BRASTEMP F.FREE 429L BRM50 INOX|||UN|00||||||
|0220|PC|1,000|
|0200|180970|REF.PANASONIC INVERTER 473L NRB461YZ|||UN|00||||||
|0220|PEC|1,000|
|0200|200510|DVD HOME THEATER PHILIPS HTS3181|||UN|00||||||
|0200|290340|MIXER SUGGAR MX2022|||UN|00||||||
|0200|330010|LIQUID.WALITA 3V FILTRO PP RI2035/10|||UN|00||||||
|0200|330130|PROCESSADOR COMPACTO WALITA RI7620|||UN|00||||||
|0200|680490|CONJUNTO EXECUTIVO SOYUS|||UN|00||||||
|0200|810382|BANDEJA QUADRAD.35CM EDF. PPB|||UN|00||||||
|0200|813360|BALDE P/PIPOCA PLAST.EDF.MEDIO SX96|||UN|00||||||
|0200|840431|JG.FONDUE 7PCS 980ML BR BENC.40092|||UN|00||||||
|0200|840432|JG.FONDUE 300ML BR BENC.40086|||UN|00||||||
|0220|PC|1,000|
|0200|840433|JG.FONDUE 580ML BENCAFIL 40121|||UN|00||||||
|0220|PC|1,000|
|0200|901930|TABUA/VIDRO/SORTID.20X30 FULL|||UN|00||||||
|0200|902930|LUVA FULFIT PEQ. 14776/14947 COLOR|||UN|00||||||
|0200|940330|KIT TABUA/MART./AFIADOR PEQ.PLAST|||UN|00||||||
|0200|950230|SOUPLAT CORES DIVERSAS YOI PLAST.|||UN|00||||||
|0200|950440|FORNO ELET.EMB.LUMEN FISCHER 7399|||UN|00||||||
|0200|200520|DVD PHILIPS DVP-3520|||UN|00||||||
|0200|680501|SALADEIRA GRANDE OUTONO SOYUS|||UN|00||||||
|0200|030033|REF.BRASTEMP F.FREE 403L BRM48 BR|||UN|00||||||
|0220|PC|1,000|
|0200|031273|FOG.BRASTEMP.ATIVE 5B GRILL BF876 INOX|||UN|00||||||
|0200|810292|PORTA LENCO LATA C/DES. EDF.LAT007|||UN|00||||||
|0200|900621|PORTA SABONETE GUEIXA FULL. 1666|||UN|00||||||
|0200|902690|TABUA P/CORTE/BAMBU 40X30 FULL 13516|||UN|00||||||
|0200|811670|PRATO P/PIZZA EDFORT RH26|||UN|00||||||
|0200|813371|BALDE P/PIPOCA PLAST.EDF.PEQ.SX96|||UN|00||||||
|0200|810351|FACA P/PATE DECORADA EDF.GD13|||UN|00||||||
|0200|880320|FORMA P/PIZZA 40 ALUM.MULTIF.27140|||UN|00||||||
|0200|970260|BALDE GELO SELENE INOX CONTH.145269|||UN|00||||||
|0200|040470|FORNO MIC.CONSUL 25L CMY34 INOX|||UN|00||||||
|0200|811130|FACA P/PAO EDFORT GL176|||UN|00||||||
|0200|820460|COLHER MANTIM.SET/3 QUAD.DC333|||UN|00||||||
|0200|840771|BANDEJA RETANG.42X26 BENCAF.8802|||UN|00||||||
|0200|101520|JG.6TACAS SOBREM.MALDIVES LUMI.63542|||UN|00||||||
|0200|521150|TRAVESSA C/TAMPA PETIT ALIMP. MFG|||UN|00||||||
|0200|680281|QUEIJEIRA BRASIL PEQUENA SOYUS|||UN|00||||||
|0200|810391|CAIXA ORGANIZADORA EDF.FS012|||UN|00||||||
|0200|903080|FAQ.INOX 36PCS ATENAS FULL 13797|||UN|00||||||
|0200|101200|SALADEIRA GRANDE 31CM LUMI.06386|||UN|00||||||
|0200|840990|PRATO P/BOLO C/PEDESTAL BENC.87019|||UN|00||||||
|0200|903192|ESCOVA P/LAV.DECANT.TACAS FULL 16172|||UN|00||||||
|0200|940340|KIT TABUA/MART./AFIADOR GR.PLAST.|||UN|00||||||
|0200|090100|RADIO AM/FM DE BOLSO NKS AF-136|||UN|00||||||
|0200|101160|POTE HERMETICO 0,5L LUMI.CO526|||UN|00||||||
|0200|680280|QUEIJEIRA BRASIL GRANDE SOYUS|||UN|00||||||
|0200|840160|CONJ.4/P?S P/BANHEIRO 0420 DIV.|||UN|00||||||
|0200|900420|ALBUM ALUM/FOSCO 10X15 FULL 14874|||UN|00||||||
|0200|902500|JG.4FACAS/MANT.CABO OCO FULL 14838|||UN|00||||||
|0200|680500|SALADEIRA GIGANTE OUTONO SOYUS|||UN|00||||||
|0200|950141|JG.JANTAR ALLURE SILVER 20PCS YOI|||UN|00||||||
|0200|680640|TACA MARTINE GIGANTE SOYUS|||UN|00||||||
|0200|880180|JG.PANELAS BOX PETIT MULT. 40026|||UN|00||||||
|0200|903140|APARELHO/COZIMENTO/VAPOR FULL 15071|||UN|00||||||
|0200|910190|CUPULA RETAN. GR RICAELLE 421|||UN|00||||||
|0200|840840|TRAVESSA QUAD.C/TP VIDRO BENC.40021|||UN|00||||||
|0220|PC|1,000|
|0200|710240|SUP.MARG.500GR C/ESPATU.MAK-INOX|||UN|00||||||
|0200|103121|ENPONJA ROTECSUL|||UN|00||||||
|0200|900341|JG.GARFO/COLHER C/SUP.2PCS FULL 15050|||UN|00||||||
|0200|901542|TABUA/VID/QUEIJO 30X40 FULL 1665|||UN|00||||||
|0200|101492|PUREBOX POTE RETANG. LUMIN. G3186|||UN|00||||||
|0200|810352|PROTETOR P/ALIMENTO 30CM EDF.GL406|||UN|00||||||
|0200|810521|TRAVESSA REFRAT.ESTRELA EDF. P BAO70|||UN|00||||||
|0200|813561|GARRAFA TERMICA 1L EDFORT GAF025/026|||UN|00||||||
|0200|903573|JG.30TACAS DIANA CRISTAL FULL 56514|||UN|00||||||
|0200|521170|JG JANTAR 20PÇS ALIMP P24|||UN|00||||||
|0200|521120|CANECA P/SOPA C/COLHER ALIMP.ECO709|||UN|00||||||
|0200|841104|PRATO P/SERVIR 41X21CM.BENC.94005|||UN|00||||||
|0220|PC|1,000|
|0200|810561|MOEDOR PIMENTA/SAL MANUAL EDF.PM17|||UN|00||||||
|0200|810522|TRAVESSA REFRAT ESTRELA EDF M BA071|||UN|00||||||
|0200|810571|FONDUE EDFORT RH342|||UN|00||||||
|0200|840434|JG FONDUE 400ML GRAF /BLAK BENC 34009|||UN|00||||||
|0200|840741|MANTEGUEIRA C/ESPAT BENCAF 40125|||UN|00||||||
|0200|200040|TV PHILIPS LCD 40 40PFL3605|||UN|00||||||
|0200|030013|REF.BRASTEMP ALL 360L BRF36 BR|||UN|00||||||
|0200|030283|MINI LAVAROUPA BRASTEMP 1KG BWI01|||UN|00||||||
|0220|PC|1,000|
|0200|030760|FORNO A GAS EMB.BRASTEMP BOA61 INOX|||UN|00||||||
|0220|PC|1,000|
|0200|030770|FORNO ELETRICO BRASTEMP BOB61 INOX|||UN|00||||||
|0200|031283|FOG.BRAST.ATIVE GRIL EMB.5B BY876INOX|||UN|00||||||
|0220|PC|1,000|
|0200|180270|F.MIC.PANASONIC PICOLO STYLE NNST341|||UN|00||||||
|0200|180273|F.MIC.PANASONIC PERFECT NNST571|||UN|00||||||
|0200|180750|TV PANASONIC LED 42 TC-L42E30B|||UN|00||||||
|0200|701670|BARRA MAGNETICA 45CM HUDSON FK43238|||UN|00||||||
|0200|760292|JARDINEIRA 27CM BRILHANTE 08/017/27|||UN|00||||||
|0200|501650|CENTRIFUGA/PRESSAO MIMO SF9210|||UN|00||||||
|0200|812420|JG.JANTAR 42PCS EDFORT SG033|||UN|00||||||
|0200|900431|JG.AMERICANO P/COPOS 6PCS FULL 1731|||UN|00||||||
|0200|902610|JG.30TACAS BOHEMIA JULIA FULL 55600|||UN|00||||||
|0200|901312|JG.6COPOS 37ML C.BLANCA FULL 46180|||UN|00||||||
|0200|903170|BALDE P/PIPOCA PLAST. FULL 16168|||UN|00||||||
|0200|813450|DESCASCADOR EDFORT GL326|||UN|00||||||
|0200|501160|ESPATULA VAZADA P/HAMB.MIMO ASA60|||UN|00||||||
|0200|700570|ESCOVA P/GRELHA HUDSON FK41586|||UN|00||||||
|0200|220383|FOGAO ELECTROLUX 4B 56TX INOX|||UN|00||||||
|0200|060230|ESTEIRA ELETRICA CALOI CLEIO CLASS|||UN|00||||||
|0200|902590|COOLER P/LONG NECK FULL 15792 PRETA|||UN|00||||||
|0200|701770|FORMA/GELO SILICONE HUDSON FK49388|||UN|00||||||
|0200|101010|JG.6XICARA/CHA LUMI.PEPS 63368|||UN|00||||||
|0200|812530|JOGO 3POTES EDFORT AO553|||UN|00||||||
|0200|051340|LAVALOUCA BOSCH ECOPLUS SGS-65E INOX|||UN|00||||||
|0200|901314|JG.3COPOS ALTO 420ML FULL 46179|||UN|00||||||
|0200|900951|JG.5 MEXEDORES DRINKS FULL.15849|||UN|00||||||
|0200|901670|BAND.INOX 40X26 REGENT FULL 13894|||UN|00||||||
|0200|900693|MURAL/FOTO PRETO 9FOTOS FULL 17287|||UN|00||||||
|0200|760310|FRUTEIRA C/PE BRILH. 30CM 06/066/31|||UN|00||||||
|0200|900432|DESCASCADOR LARANJA VACU FULL 21076|||UN|00||||||
|0200|900456|JG P/QUEIJO&PAES 4PÇS FULL 17367|||UN|00||||||
|0200|901290|JG. 6TAÇAS CHAMPANHE FULL 46071|||UN|00||||||
|0200|940460|TABUA DE PASSAR ERGON F2023|||UN|00||||||
|0200|102090|BANDEJA TABACO ARTE 116/117|||UN|00||||||
|0200|030900|COOKTOP BRASTEMP 4B GAS VIDRO BDD61|||UN|00||||||
|0220|PC|1,000|
|0200|100063|FOGAO ESMALTEC HAVAII 4B BR 4005|||UN|00||||||
|0200|101430|JG.6XICARA/CHA QUAD.LUMIN.D2371|||UN|00||||||
|0200|102010|RELOGIO PORTA CANETA OZ ZXH807|||UN|00||||||
|0200|710030|PORTA TALHER MAK INOX|||UN|00||||||
|0200|811990|PEGADOR UNIV.26CM EDF.GL224 AZ|||UN|00||||||
|0200|160140|TORRADEIRA OSTER 6335|||UN|00||||||
|0200|030113|REF.BRASTEMP INVERSE 422L BRE50 BR|||UN|00||||||
|0200|030780|FORNO ELET.BRASTEMP ATIVE BOB60 INOX|||UN|00||||||
|0200|160180|ABRIDOR ELETRICO P/VINHO OSTER 4207|||UN|00||||||
|0200|200420|DVD PLAYER PHILIPS DVP-3320X78|||UN|00||||||
|0200|702120|COLHER DE MEDIDA HUDSON PR3490|||UN|00||||||
|0200|702130|JOGO MEDIDOR/XICARA HUDSON PR3498|||UN|00||||||
|0200|160130|FORNO ELETRICO DIG.OSTER 6292|||UN|00||||||
|0200|701490|ORGANIZ./TALHERES HUDSON MD-29105|||UN|00||||||
|0200|680990|PRATO P/BOLO OUTONO 30CM SOYUS|||UN|00||||||
|0200|701600|CABIDE METAL/GRAVATA HUDSON RI66950|||UN|00||||||
|0200|101450|PRATO CARINE SOBRE.PRET.LUMI.D2372|||UN|00||||||
|0200|300230|MINI SYSTEM SONY MHC-GNX800 8.000W|||UN|00||||||
|0200|500941|SALEIRO INOX/VIDRO/VISOR MIMO AC704|||UN|00||||||
|0200|300240|MINI SYSTEM SONY MHC-RG777W C/ MP3|||UN|00||||||
|0200|701811|POTE/CONSERV.CEREAIS HUDSON KX71871|||UN|00||||||
|0200|813160|PETISQUEIRA 2DIV EDFORT SN121|||UN|00||||||
|0200|300220|MINI SYSTEM SONY MHC-RG170|||UN|00||||||
|0200|700542|INFUSOR P/CHA/XICARA HUDSON JO229477|||UN|00||||||
|0200|810831|BALDE P/CERVEJA REDOND.EDFORT CV1002|||UN|00||||||
|0200|810921|FORMA P/GELO DIVERSOS EDFORT GL4|||UN|00||||||
|0200|030403|FOG.BRASTEMP ATIV.TIMER EMB.4B BY750 BR|||UN|00||||||
|0220|PC|1,000|
|0200|701510|TAMPA/VINHO HUDSON MS-26245|||UN|00||||||
|0200|850090|CHAPA TAPIOCA FUMIL 190X18|||UN|00||||||
|0200|970300|RECHAUD QUADRADO BRANCO CONTHEY D1246|||UN|00||||||
|0200|980310|TIGELA C/TP FACILITA 2L R.070703|||UN|00||||||
|0200|101361|JARRA ANFORA 1,3L LUMINARC D7478|||UN|00||||||
|0200|880220|ASSADEIRA FUNDA 40 MULTIF.26040|||UN|00||||||
|0200|104060|TACA VINHEDO KABALLA SORTIDOS 10270|||UN|00||||||
|0200|180230|TELEF.S/FIO PANASONIC KXTC1468(900MHz)|||UN|00||||||
|0200|106090|TABUA/FRIOS 2CUBUCAS MAD.BEHLING TF1|||UN|00||||||
|0200|980110|TIGELA P/MIST.1,5L C/TP.030633|||UN|00||||||
|0200|970370|JG.P/BOLO SABRINA 2PCS CONTHEY D14526|||UN|00||||||
|0200|910970|PRATO LABYRINTH 35CM RICAELLE 882/355|||UN|00||||||
|0200|030951|FRIGOBAR BRASTEMP RETRO BRA08A AMAREL.|||UN|00||||||
|0220|PC|1,000|
|0200|090260|CENTRIFUGA NKS TSK-949 INOX|||UN|00||||||
|0200|180760|TV PANASONIC LCD 32 TC-L32C5B|||UN|00||||||
|0200|200050|TV PHILIPS LED 3D FULL 40 40PFL9605|||UN|00||||||
|0200|501550|RALADOR P/MESA 3.5 MIMO ASA50|||UN|00||||||
|0200|880160|FRIGIDEIRA DUPLA 14 MULT.55134|||UN|00||||||
|0200|880360|FRIG.DUPLA MEIA LUA MULTIFLON 55624|||UN|00||||||
|0200|890501|JG. P/SERVIR REDONDO 3PCS 64510174|||UN|00||||||
|0200|890530|JG.BAIXELA TRAMONTINA 10PCS 64510020|||UN|00||||||
|0200|890610|PANELA PRESSAO/CESTO TRAMONT.62516222|||UN|00||||||
|0200|900591|VASO ECOL LABIRINT 30,5CM FULL 56546|||UN|00||||||
|0200|900872|PRATO P/BOLO C/PE ORION FULL 56035|||UN|00||||||
|0200|903081|FAQ.INOX ATENAS/MALA 75PCS FULL13796|||UN|00||||||
|0200|700820|JG.5POTES HUDSON KX71664|||UN|00||||||
|0200|890640|JG.5PANELAS ALEGRA TP/VD TRAMONT.65650/314|||UN|00||||||
|0200|040413|LAVAROUPA CONSUL 7KG CWN07 BR|||UN|00||||||
|0200|890630|JG.BAIXELA TRAMONTINA 8PCS 64510890|||UN|00||||||
|0200|900071|FONDUE GIRAT.INOX 23PCS FULL 16222|||UN|00||||||
|0200|901460|PRATO ORION ECOL FULL 31CM 56034|||UN|00||||||
|0200|950470|COOKTOP FISCHER 2B VITROCERAMICO 7883|||UN|00||||||
|0200|030680|COOKTOP CHURRASQUEIRA BRASTEMP BDH30|||UN|00||||||
|0200|500614|FACA P/PAO CABO/COLOR MIMO ALA1085|||UN|00||||||
|0200|900122|COPO P/VIAGEM SORTIDOS FULL 17|||UN|00||||||
|0200|760540|MINI FRUTEIRA BRILH.8CM 06/133/81|||UN|00||||||
|0200|160200|MULTIPROCESSADOR MIXER OSTER 2619|||UN|00||||||
|0200|660480|JG.6TACA BALLON 200ML M.CASS 0256|||UN|00||||||
|0200|900331|BANDEJA/VIDRO GIRAT.35CM FULL 17248|||UN|00||||||
|0200|811140|CUTELO 7 EDFORT GL177|||UN|00||||||
|0200|810730|PETISQUEIRA EDFORT HP013|||UN|00||||||
|0200|820750|JG.4TIGELAS QUADRIF.KC41004|||UN|00||||||
|0200|111090|BANDEJA MELANINA MEDIA NOLIA 92677|||UN|00||||||
|0200|501330|JG.JANTAR 20PCS QUAD.MIMO 20Q905|||UN|00||||||
|0200|902940|TESOURA 5LAMINAS/ERVAS FULL 15052|||UN|00||||||
|0200|900910|PORTA RETRATO ALUM.20X25 FULL 13661|||UN|00||||||
|0200|900914|P/RETRATO VID./PR/BRILHO FULL 17083|||UN|00||||||
|0200|901410|RECHAUD DUPLO BASE/MAD.FULL 14560|||UN|00||||||
|0200|901473|ESPATULA/SILICONE 26CM FULL.1615|||UN|00||||||
|0200|902172|JG.JANTAR 42PCS CLASSIC FULL.17192|||UN|00||||||
|0200|650710|TOALHA MESA NATAL 1,40X2,20 YANGZI|||UN|00||||||
|0200|900053|JOGO 6 TACAS LICOR 85ML FULL 56527|||UN|00||||||
|0200|890341|CONJ.FACAS INOX 2PCS TRAMOTINA 23899|||UN|00||||||
|0200|900610|BICO METAL C/TAMPA FUL.12688|||UN|00||||||
|0200|051260|FOGAO BOSCH STYLE 4B HSF13I3 INOX|||UN|00||||||
|0200|700751|INFUSOR P/ADIC.SABOR HUDSON JO229241|||UN|00||||||
|0200|900800|JARRA/VIDRO 1500ML FULL 55834|||UN|00||||||
|0200|290350|GRUILL MASTER PRESS SUGGAR GR4422 INOX|||UN|00||||||
|0200|901411|RECHAUD REDONDO BASE/MAD FULL 14562|||UN|00||||||
|0200|030800|F.MIC.BRASTEMP GOURMAND EMB.20L BME25BR|||UN|00||||||
|0200|030820|FORNO BRASTEMP GOURMAND ELET.BO260AR|||UN|00||||||
|0200|BF876CRRNA|FOGAO DOM FS 5B 220V 50/60HZ GLP INOX|7891129202092||PC|00||||||
|0200|030950|FRIGOBAR BRASTEMP RETRO BRA08A VERMEL.|||UN|00||||||
|0220|PC|1,000|
|0200|104650|PORTA/COPOS 50ML KOS COLOR 700230|||UN|00||||||
|0200|200530|DVD PHILIPS DVP-3820KX/78|||UN|00||||||
|0200|810560|MANTEGUEIRA 23CM EDF.TZB14|||UN|00||||||
|0200|910783|JG.6TACAS CLAUDIA AGUA RICAELLE|||UN|00||||||
|0200|104660|PORTA/COPOS 200ML KOS COLOR 700250|||UN|00||||||
|0200|220560|F.MICROONDAS ELECTROLUX 28L ME30X IN|||UN|00||||||
|0200|813200|BOWL P/SALADA/TAMPA/COLHER EDF.SN116|||UN|00||||||
|0200|740130|SACA ROLHA/SUPORT.PALANI HF035B|||UN|00||||||
|0200|980250|POTE PLASVALE 1L R337|||UN|00||||||
|0200|950143|JG.JANTAR ALLURE TWIST YOI 20PCS|||UN|00||||||
|0200|105070|CREDITO|||UN|00||||||
|0200|102301|BANDEJA VIDRO TRANSP.QUAD.ARTE M 147|||UN|00||||||
|0200|030573|LAVALOUCA BRASTEMP 6SERV.BLF06ABB BR|||UN|00||||||
|0200|030583|LAVALOUCA BRASTEMP 8SERV.BLF08ABB BR|||UN|00||||||
|0200|030660|COOKTOP BRASTEMP DE INDUCAO BDJ30AE|||UN|00||||||
|0220|PC|1,000|
|0200|200400|DISC PLAYER PHILIPS BLUR-RAY BDP3200|||UN|00||||||
|0200|500242|POTE PLAST.TAMPA MIMO 0,5L SF11751|||UN|00||||||
|0200|500710|ESPREMEDOR DE ALHO MIMO ASA18|||UN|00||||||
|0200|500832|VASO TORCIDO 30CM MIMO VD10186|||UN|00||||||
|0200|812200|ESPAGUETEIRA 4,5L 3PCS EDF.SO505|||UN|00||||||
|0200|812961|RALADOR DE QUEIJO EDFORT GL316|||UN|00||||||
|0200|840720|JG.CONSOME BENCAFIL BR 4PCS 40089|||UN|00||||||
|0200|900500|FACA P/QUEIJO CABO/SAND. FUL.12749|||UN|00||||||
|0200|902630|PORTA PAPEL HIGIEN.INOX FULL 12956|||UN|00||||||
|0200|950251|JG.DE JANTAR COLOR 16PCS YOI 463|||UN|00||||||
|0200|970660|JG.6XICARA/CAFE NATAL CONTHEY 144868|||UN|00||||||
|0200|104610|SALADEIRA CRISTAL KOS 600800|||UN|00||||||
|0200|104630|JARRA CRISTAL KOS COLOR 600100|||UN|00||||||
|0200|500241|RALADOR C/POTE/TAMPA MIMO ASA1175|||UN|00||||||
|0200|500244|POTE PLAST.TAMPA MIMO 1,1L SF11757|||UN|00||||||
|0200|500623|RELOG.PARED.BORDA GROSSA MIMO R10122|||UN|00||||||
|0200|501070|ACUCAREIRO PORCELANA MIMO PB930|||UN|00||||||
|0200|660301|BALDE/GELO/PINCA/PLASTICO M.SHOP 167|||UN|00||||||
|0200|810862|PA P/BOLO ACRIL.MOD.JACARE EDF.KY06|||UN|00||||||
|0200|900401|JG.4POTES PORCEL.COLHER FULL 16636|||UN|00||||||
|0200|031050|COOKTOP BRASTEMP GOURMAND 5B BDK75A|||UN|00||||||
|0200|090230|GRILL/SANDUICHEIRA NKS I-16|||UN|00||||||
|0200|105060|JG.BANHEIRO INFANTIL 4PCS PONTO SUL|||UN|00||||||
|0200|500581|FORMA P/BOLO SILICONE MIMO SN11222|||UN|00||||||
|0200|813430|MULTICORTADOR PVC/PAPEL EDFORT GL319|||UN|00||||||
|0200|902431|RECHAUD RETAG.3L INOX FULL 16416|||UN|00||||||
|0200|970180|JG.6XICARA CHA 2FILETES D1451 CONTHEY|||UN|00||||||
|0200|500500|COLHER P/SORVETE MIMO ASA13|||UN|00||||||
|0200|660341|JG.JANTAR BOTANIC 20PCS 043/044|||UN|00||||||
|0200|810924|PORTA GARRAFA CAMISA EDFORT HB012|||UN|00||||||
|0200|813000|PETISQUEIRA EDFORT BA009|||UN|00||||||
|0200|900210|CORTADOR OVOS FULL 15057|||UN|00||||||
|0200|901370|COPO/MEDIDAS FULL 13664|||UN|00||||||
|0200|670680|JG. SOPEIRA 9PCS RH150|||UN|00||||||
|0200|812000|PEGADOR UNIV.30CM EDF.GL226 AZ|||UN|00||||||
|0200|970080|JG.FONDUE/CERAM.7PCS CONTHEY 134628|||UN|00||||||
|0200|970720|JG.PANELAS AGATA 4PCS CONTHEY D14692|||UN|00||||||
|0200|00032170|FRUTEIRA BRANCA 26,5X20CM|||PC|00||||||
|0200|00040123|MANTEGUEIRA REDONDA 14,5X14,5X8,5CM|||PC|00||||||
|0200|501792|CESTO P/PAO/ALCA CLAR MIMO YK11605|||UN|00||||||
|0200|680700|BOMBONIERE KARINA GRANDE SOYUS|||UN|00||||||
|0200|680941|POTE IPANEMA/TORNEIRA 7L SOYUS|||UN|00||||||
|0200|810861|TAMPA P/GARRAFA ACRIL.EDF.KY033|||UN|00||||||
|0200|500245|POTE PLAST.TAMPA MIMO 2,1L SF11759|||UN|00||||||
|0200|500590|FACA P/FRUTAS MIMO ASA28M|||UN|00||||||
|0200|500632|MOEDOR/SAL/PIMENTA PEQ.MIMO AM1114|||UN|00||||||
|0200|501570|TESOURA P/FRANGO LUXO MIMO ASA57|||UN|00||||||
|0200|650180|GUARDANAPO SORTIDO D61-2 YANGZI|||UN|00||||||
|0200|903370|JG.CHURRASCO C/SUP.4PCS FULL 16479|||UN|00||||||
|0200|910180|CUPULA NAPOLES GR RICAELLE 390|||UN|00||||||
|0200|810353|PROTETOR P/ALIMENTO 35CM EDF.GL407|||UN|00||||||
|0200|840570|JG.BULE/AQUEC.4COPOS BENC.46013|||UN|00||||||
|0200|090090|RADIO AM/FM 4 FAIXAS NKS AF-138|||UN|00||||||
|0200|090300|MIXER DE MAO NKS TSK560|||UN|00||||||
|0200|500830|VASO BOCA QUADRADA GRANDE MIMO VD29|||UN|00||||||
|0200|501060|ORGANIZ/TEMPERO 16PCS SF358MIMO|||UN|00||||||
|0200|760440|6TACAS LICOR HENRIETE 05/215/51|||UN|00||||||
|0200|790090|PETISQ.DAISY C/3DIV.23CM GLOBAL.|||UN|00||||||
|0200|812790|FACA P/PAO EDFORT GD01|||UN|00||||||
|0200|910120|JARRA NAPOLES 1,6L RICAELLE 195|||UN|00||||||
|0200|650160|COPO MELAMINE NATALINO YANGZI MST16C|||UN|00||||||
|0200|910610|SUPORTE P/PRATO PEQ.RICAELLE SM|||UN|00||||||
|0200|532170|JG.BANHEIRO ROJEMAC 4PCS 1593/95|||UN|00||||||
|0200|101280|JG.3COPOS BAIXO FIAMA LUMI.06671|||UN|00||||||
|0200|701930|CAPA PLAST.EDREDON HUDSON RI441W|||UN|00||||||
|0200|640540|TIGELA/MACARRAO GERMER|||UN|00||||||
|0200|700390|MOLHEIRA 60ML HUDSON PB55002|||UN|00||||||
|0200|650010|SALADEIRA 25CM MS10T YANGZI NATAL|||UN|00||||||
|0200|650220|PRATO RASO MELAN.NATAL YANGZI|||UN|00||||||
|0200|650530|CINZEIRO PAPAI NOEL YANGZI MX4281|||UN|00||||||
|0200|650670|PETISQUEIRA NATAL 30CM YANGZI 1072|||UN|00||||||
|0200|840650|CANECA CHRISTMAS 375ML BENC.390|||UN|00||||||
|0200|970610|CANECA NATAL 260ML CONTHEY 144869|||UN|00||||||
|0200|111050|PORTA SABAO/DETERGENTE NOLIA 7010|||UN|00||||||
|0200|810200|PORTA PAO INOX PEQ.EDF.BREADKB|||UN|00||||||
|0200|813300|JG. BANHEIRO EDFORT 4PCS BS00|||UN|00||||||
|0200|820810|PENEIRA CHINOIS 20CM QUADRIF.KC492|||UN|00||||||
|0200|890460|FAQUEIRO TRAMONT.PACIFIC 30PCS 66962|||UN|00||||||
|0200|910541|PORTA TEMPERO RICAELLE 12PCS BG2567|||UN|00||||||
|0200|910680|PRATO KING C/BORDA RICAELLE PM3000|||UN|00||||||
|0200|106100|TABUA/FRIOS MADEIRA BEHLING TF3|||UN|00||||||
|0200|501690|BOMBA/VINHO MIMO 3PCS 9715|||UN|00||||||
|0200|903290|CHAMPANHEIRA QUAD.PQ.PT.FULL 16476|||UN|00||||||
|0200|980130|ASSAD.RET.C/TEFLON GR.653999|||UN|00||||||
|0200|980260|POTE FREE/MIC PLASVALE 3L R303|||UN|00||||||
|0200|050950|COIFA PAREDE BOSCH DKE935 90CM INOX|||UN|00||||||
|0200|840020|CONJ.BULE/XICARA BENC. 2P?S 280|||UN|00||||||
|0200|811060|JG.LASANHA 3PCS EDFORT LASAGNA|||UN|00||||||
|0200|650580|LUGAR AMERIC.GOLD/RED YANGZI MTB2232|||UN|00||||||
|0200|813610|CESTO C/3 TOLHAS/PRATO EDFORT|||UN|00||||||
|0200|841010|JG.JANTAR 44PCS BENCAFIL 9200|||UN|00||||||
|0200|070460|TV CCE LCD 19 TL-470|||UN|00||||||
|0200|530790|JG.6COPOS TRIO LICOR ROGE.5081|||UN|00||||||
|0200|811860|JG.CHURRASCO 3PCS EDFORT GL469|||UN|00||||||
|0200|900730|POTES SORTIDOS 8CM FULL 14812|||UN|00||||||
|0200|500562|PICADOR DE ERVAS 13CM MIMO AM1111|||UN|00||||||
|0200|811640|ASSADEIRA/ALCA 36CM EDF. BW35|||UN|00||||||
|0200|900051|GALHETEIRO INOX PERLE FULL 13910|||UN|00||||||
|0200|950051|ACUCAREIRO WINSTON 8,5CM YOI|||UN|00||||||
|0200|610210|JARRA PANAMA F&S 202|||UN|00||||||
|0200|811110|ESPATULA LISA EDFORT GL102|||UN|00||||||
|0200|812900|GARRAFA AZEITE/VINAGRE EDF.GAL11|||UN|00||||||
|0200|901770|JG. 6COPOS 400ML FULL 46011|||UN|00||||||
|0200|970690|JG.5POTES AGATA CONTHEY D14692|||UN|00||||||
|0200|680270|COPO P/AGUA SATURNO SOYUS|||UN|00||||||
|0200|670820|CHALEIRA/APITO INOX 2,5L|||UN|00||||||
|0200|00062007|CESTO RET BEGE FLOWERS 30X20X12CM|||PC|00||||||
|0200|00074132|PRATO GIRATORIO PRATA 35CM DIAM|||UN|00||||||
|0200|00074133|PRATO GIRATORIO PRETO 40CM DIAM|||PC|00||||||
|0200|00074134|PRATO GIRATORIO VERMELHO 40CM DIAM|||PC|00||||||
|0200|00074136|PRATO GIRATORIO PRATA 45CM DIAM|||PC|00||||||
|0200|00085004|BANDEJA COLO C/ALMOFADA GARDEN 44X34X5CM|||PC|00||||||
|0200|104620|BANDEJA CRISTAL KOS 600900|||UN|00||||||
|0200|690190|SERVE TORRADAS ESFERAS FORMA|||UN|00||||||
|0200|901561|JARRA AGUA INOX 2,5L FULL 11937|||UN|00||||||
|0200|500231|JG.P/SOPA PORC.MIMO SJ92|||UN|00||||||
|0200|501410|CENTRO/MESA FOLHA MIMO VD952G|||UN|00||||||
|0200|530850|JG.6COPOS MADISON ROGEMAC 5219|||UN|00||||||
|0200|500421|BATEDOR DE OVO FUET MIMO ASA29|||UN|00||||||
|0200|660651|SUP.P/TRAVESSA INOX M.SHOP 023|||UN|00||||||
|0200|810760|BAIXELA 7PCS EDF.BAX07|||UN|00||||||
|0200|300160|RECEIVER SONY STR-DE598 C/CX SA-VE366|||UN|00||||||
|0200|500633|GUALHETEIRO 2X1 MIMO AM1120|||UN|00||||||
|0200|520190|JG DE JANTAR 20PÇS ALIMP P1204|||UN|00||||||
|0200|160190|CAFETEIRA P/CAFE EXPRESS OSTER OEMP50|||UN|00||||||
|0200|500243|POTE PLAST.TAMPA MIMO 0,475L SF11755|||UN|00||||||
|0200|500631|MOEDOR/SAL/PIMENTA 14CM MIMO AM1112|||UN|00||||||
|0200|104600|CREMEIRA CRISTAL KOS 600600|||UN|00||||||
|0200|680951|GALHETEIRO SAPORE 600ML SOYUS|||UN|00||||||
|0200|810071|COPO DE RESINA EDFORT PL272A|||UN|00||||||
|0200|811270|JG SALEIRO /PIMENT.EDFORT BRANCO|||UN|00||||||
|0200|812510|JG.P/MESA C/6PCS EDFORT SN105|||UN|00||||||
|0200|812620|POTE DECORADO EDFORT C1086 PEQ.|||UN|00||||||
|0200|812720|JG 6XICARAS CAFE/TUBO EDF FE691|||UN|00||||||
|0200|813140|PETISQUEIRA 3DIV.EDFORT SN120|||UN|00||||||
|0200|104640|JG.C/6 DESCANSO P/COPO KOS 6003000|||UN|00||||||
|0200|660621|CESTA TERMICA KENYA VM M.SHOP 014|||UN|00||||||
|0200|810923|FORMA/SIL/CORACAO/GELO/EDFORT GL403|||UN|00||||||
|0200|980120|TIGELA P/MISTURAR 3L 030833|||UN|00||||||
|0200|813472|BANCO DOBRAVEL MEDIO EDFORT ZDD008|||UN|00||||||
|0200|840831|TRAV. RETANG./TP VIDRO 20X30 BENC.40020|||UN|00||||||
|0220|PC|1,000|
|0200|840922|JG.UTENCILIOS 4PCS BENC.RINGS 95030|||UN|00||||||
|0220|CJ|1,000|
|0200|840775|BANDEJA QUADRADA 35X35CM BENC.88075|||UN|00||||||
|0220|PC|1,000|
|0200|840923|CANECA 350ML BENC.RINGS 95046|||UN|00||||||
|0200|840991|PRATO P/BOLO C/PE BENCAFIL BR 55028|||UN|00||||||
|0220|PC|1,000|
|0200|840992|PORTA GUARDANAPO INOX BENCAFIL 52012|||UN|00||||||
|0220|PC|1,000|
|0200|840993|JG.P/CHA&CAFE 9PCS BENCAF. 59005|||UN|00||||||
|0220|CJ|1,000|
|0200|840981|PRATO P/BOLO C/PE BENC.37X11CM 87020|||UN|00||||||
|0200|840924|BAGUETEIRA/BOWL 55X10CM BENCAF.96002|||UN|00||||||
|0220|PC|1,000|
|0200|840321|CESTO OVAL 30X20X12 BENC.62002|||UN|00||||||
|0220|PC|1,000|
|0200|840742|MANTEGUEIRA REDONDA PEQ. BENCAF.40105|||UN|00||||||
|0200|840774|BANDEJA REDONDA AM 40X7CM BENC.88074|||UN|00||||||
|0220|PC|1,000|
|0200|840921|GALHETEIRO SPCS BENCAF. RINGS 95029|||UN|00||||||
|0220|CJ|1,000|
|0200|841083|CACAROLA RETANG C/COLHER BENC 40111|||UN|00||||||
|0220|PC|1,000|
|0200|841111|PRATO P/SERVIR 30.5CM BENCAF 71057|||UN|00||||||
|0220|PC|1,000|
|0200|841112|PRATO P/SERVIR 35.5CM BENCAF 71058|||UN|00||||||
|0220|PC|1,000|
|0200|841113|PRATO P/SERVIR 40.5CM BENCAF 71059|||UN|00||||||
|0220|PC|1,000|
|0500|31102011|01|A|1|116010001|MATERIAIS DE REVENDA|
|0990|824|
|C001|0|
|C100|0|1|800006977|01|00|1|0000163||24112011|24112011|4574,91|0|||4574,91|9||||0|0||||||||
|C170|1|120080||19,00000|UN|1624,31||0|000|1949|||||0||0|||||||01|1624,31||||0|01|1624,31||||0||
|C170|2|120090||22,00000|UN|931,70||0|000|1949|||||0||0|||||||01|931,70||||0|01|931,70||||0||
|C170|3|150040||25,00000|UN|867,50||0|000|1949|||||0||0|||||||01|867,50||||0|01|867,50||||0||
|C170|4|150420||19,00000|UN|1151,40||0|000|1949|||||0||0|||||||01|1151,40||||0|01|1151,40||||0||
|C190|000|1949||4574,91|0|0|0|0|0|0||
|C100|1|0|800007146|01|00|U|0069914||30112011|30112011|379,05|0|||379,05|9||||0|0||||||||
|C170|1|100200||1,00000|UN|379,05||0|041|5949|||||0||0|||||||99||||||99|||||||
|C190|041|5949||379,05|0|0|0|0|0|0||
|C100|1|0|800006993|01|00|U|0069870||23112011|23112011|139,00|0|||139,00|9||||0|0||||||||
|C170|1|120080||1,00000|UN|139,00||0|041|5949|||||0||0|||||||99||||||99|||||||
|C190|041|5949||139,00|0|0|0|0|0|0||
|C100|1|0|800007239|01|00|U|0069838||17112011|17112011|399,00|0|||399,00|9||||0|0||||||||
|C170|1|180203||1,00000|UN|399,00||0|041|5949|||||0||0|||||||99||||||99|||||||
|C190|041|5949||399,00|0|0|0|0|0|0||
|C100|1|0|800007238|01|00|U|0069912||30112011|30112011|569,00|0|||569,00|9||||0|0||||||||
|C170|1|051060||1,00000|UN|569,00||0|041|5949|||||0||0|||||||99||||||99|||||||
|C190|041|5949||569,00|0|0|0|0|0|0||
|C100|1|0|800007236|01|00|U|0069821||14112011|14112011|1899,00|0|||1899,00|9||||0|0||||||||
|C170|1|030143||1,00000|UN|1899,00||0|041|5949|||||0||0|||||||99||||||99|||||||
|C190|041|5949||1899,00|0|0|0|0|0|0||
|C100|1|0|800007236|01|00|U|0069809||10112011|10112011|1749,00|0|||1749,00|9||||0|0||||||||
|C170|1|220283||1,00000|UN|1749,00||0|041|5949|||||0||0|||||||99||||||99|||||||
|C190|041|5949||1749,00|0|0|0|0|0|0||
|C100|1|0|800008026|01|00|U|0069915||30112011|30112011|945,29|0|||945,29|9||||945,29|160,70||||||||
|C170|1|031240||1,00000|UN|159,73||0|000|5152||159,73|17,00|27,15|0||0|||||||01|159,73|0,65|||1,04|01|159,73|3,00|||4,79||
|C170|2|120050||1,00000|UN|93,00||0|000|5152||93,00|17,00|15,81|0||0|||||||01|93,00|0,65|||0,60|01|93,00|3,00|||2,79||
|C170|3|180770||1,00000|UN|692,56||0|000|5152||692,56|17,00|117,74|0||0|||||||01|692,56|0,65|||4,50|01|692,56|3,00|||20,78||
|C190|000|5152|17,00|945,29|945,29|160,70|0|0|0|0||
|C100|1|0|800008026|01|00|U|0069867||23112011|23112011|674,92|0|||674,92|9||||674,92|114,74||||||||
|C170|1|030770||1,00000|UN|674,92||0|000|5152||674,92|17,00|114,74|0||0|||||||01|674,92|0,65|||4,39|01|674,92|3,00|||20,25||
|C190|000|5152|17,00|674,92|674,92|114,74|0|0|0|0||
|C100|1|0|800008026|01|00|U|0069872||24112011|24112011|4429,39|0|||4429,39|9||||4429,39|753,00||||||||
|C170|1|031190||1,00000|UN|614,67||0|000|5152||614,67|17,00|104,49|0||0|||||||01|614,67|0,65|||4,00|01|614,67|3,00|||18,44||
|C170|2|100200||6,00000|UN|1489,92||0|000|5152||1489,92|17,00|253,29|0||0|||||||01|1489,92|0,65|||9,68|01|1489,92|3,00|||44,70||
|C170|3|100210||10,00000|UN|2324,80||0|000|5152||2324,80|17,00|395,22|0||0|||||||01|2324,80|0,65|||15,11|01|2324,80|3,00|||69,74||
|C190|000|5152|17,00|4429,39|4429,39|753,00|0|0|0|0||
|C100|1|0|800008026|01|00|U|0069876||24112011|24112011|266,60|0|||266,60|9||||266,60|45,32||||||||
|C170|1|180203||1,00000|UN|239,31||0|000|5152||239,31|17,00|40,68|0||0|||||||01|239,31|0,65|||1,56|01|239,31|3,00|||7,18||
|C170|2|330050||1,00000|UN|27,29||0|000|5152||27,29|17,00|4,64|0||0|||||||01|27,29|0,65|||0,18|01|27,29|3,00|||0,82||
|C190|000|5152|17,00|266,60|266,60|45,32|0|0|0|0||
|C100|1|0|800008026|01|00|U|0069878||25112011|25112011|1720,31|0|||1720,31|9||||1720,31|292,45||||||||
|C170|1|030393||1,00000|UN|860,67||0|000|5152||860,67|17,00|146,31|0||0|||||||01|860,67|0,65|||5,59|01|860,67|3,00|||25,82||
|C170|2|040183||1,00000|UN|544,64||0|000|5152||544,64|17,00|92,59|0||0|||||||01|544,64|0,65|||3,54|01|544,64|3,00|||16,34||
|C170|3|650200||15,00000|UN|315,00||0|000|5152||315,00|17,00|53,55|0||0|||||||01|315,00|0,65|||2,05|01|315,00|3,00|||9,45||
|C190|000|5152|17,00|1720,31|1720,31|292,45|0|0|0|0||
|C100|1|0|800008026|01|00|U|0069879||25112011|25112011|587,43|0|||587,43|9||||587,43|99,86||||||||
|C170|1|030553||1,00000|UN|587,43||0|000|5152||587,43|17,00|99,86|0||0|||||||01|587,43|0,65|||3,82|01|587,43|3,00|||17,62||
|C190|000|5152|17,00|587,43|587,43|99,86|0|0|0|0||
|C100|1|0|800008026|01|00|U|0069882||25112011|25112011|1109,87|0|||1109,87|9||||1109,87|188,68||||||||
|C170|1|200050||1,00000|UN|1109,87||0|000|5152||1109,87|17,00|188,68|0||0|||||||01|1109,87|0,65|||7,21|01|1109,87|3,00|||33,30||
|C190|000|5152|17,00|1109,87|1109,87|188,68|0|0|0|0||
|C100|1|0|800008026|01|00|U|0069885||25112011|25112011|109,27|0|||109,27|9||||109,27|18,58||||||||
|C170|1|200420||1,00000|UN|109,27||0|000|5152||109,27|17,00|18,58|0||0|||||||01|109,27|0,65|||0,71|01|109,27|3,00|||3,28||
|C190|000|5152|17,00|109,27|109,27|18,58|0|0|0|0||
|C100|1|0|800008026|01|00|U|0069887||25112011|25112011|1162,32|0|||1162,32|9||||1162,32|197,59||||||||
|C170|1|030303||1,00000|UN|1162,32||0|000|5152||1162,32|17,00|197,59|0||0|||||||01|1162,32|0,65|||7,56|01|1162,32|3,00|||34,87||
|C190|000|5152|17,00|1162,32|1162,32|197,59|0|0|0|0||
|C100|1|0|800008026|01|00|U|0069888||26112011|26112011|8466,63|0|||8466,63|9||||8038,63|1366,57||||||||
|C170|1|040183||2,00000|UN|1089,28||0|000|5152||1089,28|17,00|185,18|0||0|||||||01|1089,28|0,65|||7,08|01|1089,28|3,00|||32,68||
|C170|2|040360||3,00000|UN|746,04||0|000|5152||746,04|17,00|126,83|0||0|||||||01|746,04|0,65|||4,85|01|746,04|3,00|||22,38||
|C170|3|180380||1,00000|UN|292,61||0|000|5152||292,61|17,00|49,74|0||0|||||||01|292,61|0,65|||1,90|01|292,61|3,00|||8,78||
|C170|4|180870||2,00000|UN|428,00||0|041|5152|||||0||0|||||||01|428,00|0,65|||2,78|01|428,00|3,00|||12,84||
|C170|5|100200||6,00000|UN|1489,92||0|000|5152||1489,92|17,00|253,29|0||0|||||||01|1489,92|0,65|||9,68|01|1489,92|3,00|||44,70||
|C170|6|300220||1,00000|UN|503,68||0|000|5152||503,68|17,00|85,63|0||0|||||||01|503,68|0,65|||3,27|01|503,68|3,00|||15,11||
|C170|7|330270||1,00000|UN|361,44||0|000|5152||361,44|17,00|61,44|0||0|||||||01|361,44|0,65|||2,35|01|361,44|3,00|||10,84||
|C170|8|300230||2,00000|UN|2530,00||0|000|5152||2530,00|17,00|430,10|0||0|||||||01|2530,00|0,65|||16,45|01|2530,00|3,00|||75,90||
|C170|9|300240||1,00000|UN|1025,66||0|000|5152||1025,66|17,00|174,36|0||0|||||||01|1025,66|0,65|||6,67|01|1025,66|3,00|||30,77||
|C190|000|5152|17,00|8038,63|8038,63|1366,57|0|0|0|0||
|C190|041|5152||428,00|0|0|0|0|0|0||
|C100|1|0|800008026|01|00|U|0069901||29112011|29112011|11239,59|0|||11239,59|9||||11239,59|1910,73||||||||
|C170|1|030950||1,00000|UN|588,00||0|000|5152||588,00|17,00|99,96|0||0|||||||01|588,00|0,65|||3,82|01|588,00|3,00|||17,64||
|C170|2|030960||2,00000|UN|939,14||0|000|5152||939,14|17,00|159,65|0||0|||||||01|939,14|0,65|||6,10|01|939,14|3,00|||28,17||
|C170|3|040133||1,00000|UN|482,30||0|000|5152||482,30|17,00|81,99|0||0|||||||01|482,30|0,65|||3,14|01|482,30|3,00|||14,47||
|C170|4|040183||2,00000|UN|1100,00||0|000|5152||1100,00|17,00|187,00|0||0|||||||01|1100,00|0,65|||7,15|01|1100,00|3,00|||33,00||
|C170|5|040360||3,00000|UN|746,04||0|000|5152||746,04|17,00|126,83|0||0|||||||01|746,04|0,65|||4,85|01|746,04|3,00|||22,38||
|C170|6|031110||3,00000|UN|1141,92||0|000|5152||1141,92|17,00|194,13|0||0|||||||01|1141,92|0,65|||7,42|01|1141,92|3,00|||34,26||
|C170|7|040530||3,00000|UN|1690,59||0|000|5152||1690,59|17,00|287,40|0||0|||||||01|1690,59|0,65|||10,99|01|1690,59|3,00|||50,72||
|C170|8|040520||2,00000|UN|1297,42||0|000|5152||1297,42|17,00|220,56|0||0|||||||01|1297,42|0,65|||8,43|01|1297,42|3,00|||38,92||
|C170|9|180970||1,00000|UN|1882,44||0|000|5152||1882,44|17,00|320,01|0||0|||||||01|1882,44|0,65|||12,24|01|1882,44|3,00|||56,47||
|C170|10|330210||16,00000|UN|651,20||0|000|5152||651,20|17,00|110,70|0||0|||||||01|651,20|0,65|||4,23|01|651,20|3,00|||19,54||
|C170|11|040570||6,00000|UN|720,54||0|000|5152||720,54|17,00|122,49|0||0|||||||01|720,54|0,65|||4,68|01|720,54|3,00|||21,62||
|C190|000|5152|17,00|11239,59|11239,59|1910,73|0|0|0|0||
|C100|1|0|800008026|01|00|U|0069902||29112011|29112011|8046,32|0|||8046,32|9||||8046,32|1367,87||||||||
|C170|1|030030||1,00000|UN|1712,98||0|000|5152||1712,98|17,00|291,21|0||0|||||||01|1712,98|0,65|||11,13|01|1712,98|3,00|||51,39||
|C170|2|030123||1,00000|UN|2007,09||0|000|5152||2007,09|17,00|341,21|0||0|||||||01|2007,09|0,65|||13,05|01|2007,09|3,00|||60,21||
|C170|3|030283||2,00000|UN|581,90||0|000|5152||581,90|17,00|98,92|0||0|||||||01|581,90|0,65|||3,78|01|581,90|3,00|||17,46||
|C170|4|030473||2,00000|UN|1329,60||0|000|5152||1329,60|17,00|226,03|0||0|||||||01|1329,60|0,65|||8,64|01|1329,60|3,00|||39,89||
|C170|5|030483||2,00000|UN|1551,72||0|000|5152||1551,72|17,00|263,79|0||0|||||||01|1551,72|0,65|||10,09|01|1551,72|3,00|||46,55||
|C170|6|040173||1,00000|UN|625,13||0|000|5152||625,13|17,00|106,27|0||0|||||||01|625,13|0,65|||4,06|01|625,13|3,00|||18,75||
|C170|7|180930||3,00000|UN|237,90||0|000|5152||237,90|17,00|40,44|0||0|||||||01|237,90|0,65|||1,55|01|237,90|3,00|||7,14||
|C190|000|5152|17,00|8046,32|8046,32|1367,87|0|0|0|0||
|C100|1|0|800008026|01|00|U|0069906||29112011|29112011|2900,57|0|||2900,57|9||||2900,57|493,10||||||||
|C170|1|030460||1,00000|UN|69,27||0|000|5152||69,27|17,00|11,78|0||0|||||||01|69,27|0,65|||0,45|01|69,27|3,00|||2,08||
|C170|2|031110||1,00000|UN|380,64||0|000|5152||380,64|17,00|64,71|0||0|||||||01|380,64|0,65|||2,47|01|380,64|3,00|||11,42||
|C170|3|180700||1,00000|UN|2450,66||0|000|5152||2450,66|17,00|416,61|0||0|||||||01|2450,66|0,65|||15,93|01|2450,66|3,00|||73,52||
|C190|000|5152|17,00|2900,57|2900,57|493,10|0|0|0|0||
|C100|1|0|800008026|01|00|U|0069910||29112011|29112011|455,01|0|||455,01|9||||455,01|77,35||||||||
|C170|1|040423||1,00000|UN|455,01||0|000|5152||455,01|17,00|77,35|0||0|||||||01|455,01|0,65|||2,96|01|455,01|3,00|||13,65||
|C190|000|5152|17,00|455,01|455,01|77,35|0|0|0|0||
|C100|1|0|800008026|01|00|U|0069794||09112011|09112011|493,64|0|||493,64|9||||493,64|83,92||||||||
|C170|1|500040||12,00000|UN|198,48||0|000|5152||198,48|17,00|33,74|0||0|||||||01|198,48|0,65|||1,29|01|198,48|3,00|||5,95||
|C170|2|500090||2,00000|UN|65,78||0|000|5152||65,78|17,00|11,18|0||0|||||||01|65,78|0,65|||0,43|01|65,78|3,00|||1,97||
|C170|3|500140||2,00000|UN|50,70||0|000|5152||50,70|17,00|8,62|0||0|||||||01|50,70|0,65|||0,33|01|50,70|3,00|||1,52||
|C170|4|500500||6,00000|UN|12,78||0|000|5152||12,78|17,00|2,17|0||0|||||||01|12,78|0,65|||0,08|01|12,78|3,00|||0,38||
|C170|5|500550||6,00000|UN|12,78||0|000|5152||12,78|17,00|2,17|0||0|||||||01|12,78|0,65|||0,08|01|12,78|3,00|||0,38||
|C170|6|500421||6,00000|UN|12,78||0|000|5152||12,78|17,00|2,17|0||0|||||||01|12,78|0,65|||0,08|01|12,78|3,00|||0,38||
|C170|7|500630||6,00000|UN|12,78||0|000|5152||12,78|17,00|2,17|0||0|||||||01|12,78|0,65|||0,08|01|12,78|3,00|||0,38||
|C170|8|501300||6,00000|UN|12,78||0|000|5152||12,78|17,00|2,17|0||0|||||||01|12,78|0,65|||0,08|01|12,78|3,00|||0,38||
|C170|9|500710||6,00000|UN|25,32||0|000|5152||25,32|17,00|4,30|0||0|||||||01|25,32|0,65|||0,16|01|25,32|3,00|||0,76||
|C170|10|501140||6,00000|UN|20,46||0|000|5152||20,46|17,00|3,48|0||0|||||||01|20,46|0,65|||0,13|01|20,46|3,00|||0,61||
|C170|11|500770||6,00000|UN|12,78||0|000|5152||12,78|17,00|2,17|0||0|||||||01|12,78|0,65|||0,08|01|12,78|3,00|||0,38||
|C170|12|500590||6,00000|UN|12,84||0|000|5152||12,84|17,00|2,18|0||0|||||||01|12,84|0,65|||0,08|01|12,84|3,00|||0,39||
|C170|13|500610||6,00000|UN|12,84||0|000|5152||12,84|17,00|2,18|0||0|||||||01|12,84|0,65|||0,08|01|12,84|3,00|||0,39||
|C170|14|501170||6,00000|UN|12,78||0|000|5152||12,78|17,00|2,17|0||0|||||||01|12,78|0,65|||0,08|01|12,78|3,00|||0,38||
|C170|15|501570||3,00000|UN|17,76||0|000|5152||17,76|17,00|3,02|0||0|||||||01|17,76|0,65|||0,12|01|17,76|3,00|||0,53||
|C190|000|5152|17,00|493,64|493,64|83,92|0|0|0|0||
|C100|1|0|800008026|01|00|U|0069795||09112011|09112011|364,02|0|||364,02|9||||364,02|61,88||||||||
|C170|1|500581||3,00000|UN|22,59||0|000|5152||22,59|17,00|3,84|0||0|||||||01|22,59|0,65|||0,15|01|22,59|3,00|||0,68||
|C170|2|500611||6,00000|UN|21,00||0|000|5152||21,00|17,00|3,57|0||0|||||||01|21,00|0,65|||0,14|01|21,00|3,00|||0,63||
|C170|3|500830||4,00000|UN|68,32||0|000|5152||68,32|17,00|11,61|0||0|||||||01|68,32|0,65|||0,44|01|68,32|3,00|||2,05||
|C170|4|500623||2,00000|UN|43,60||0|000|5152||43,60|17,00|7,41|0||0|||||||01|43,60|0,65|||0,28|01|43,60|3,00|||1,31||
|C170|5|500622||2,00000|UN|59,94||0|000|5152||59,94|17,00|10,19|0||0|||||||01|59,94|0,65|||0,39|01|59,94|3,00|||1,80||
|C170|6|500832||3,00000|UN|59,40||0|000|5152||59,40|17,00|10,10|0||0|||||||01|59,40|0,65|||0,39|01|59,40|3,00|||1,78||
|C170|7|501070||4,00000|UN|18,48||0|000|5152||18,48|17,00|3,14|0||0|||||||01|18,48|0,65|||0,12|01|18,48|3,00|||0,55||
|C170|8|501650||2,00000|UN|43,02||0|000|5152||43,02|17,00|7,31|0||0|||||||01|43,02|0,65|||0,28|01|43,02|3,00|||1,29||
|C170|9|502382||6,00000|UN|10,44||0|000|5152||10,44|17,00|1,77|0||0|||||||01|10,44|0,65|||0,07|01|10,44|3,00|||0,31||
|C170|10|501180||1,00000|UN|17,23||0|000|5152||17,23|17,00|2,93|0||0|||||||01|17,23|0,65|||0,11|01|17,23|3,00|||0,52||
|C190|000|5152|17,00|364,02|364,02|61,88|0|0|0|0||
|C100|1|0|800008026|01|00|U|0069796||09112011|09112011|460,99|0|||460,99|9||||460,99|78,37||||||||
|C170|1|500241||2,00000|UN|16,60||0|000|5152||16,60|17,00|2,82|0||0|||||||01|16,60|0,65|||0,11|01|16,60|3,00|||0,50||
|C170|2|500242||4,00000|UN|18,00||0|000|5152||18,00|17,00|3,06|0||0|||||||01|18,00|0,65|||0,12|01|18,00|3,00|||0,54||
|C170|3|500562||2,00000|UN|33,22||0|000|5152||33,22|17,00|5,65|0||0|||||||01|33,22|0,65|||0,22|01|33,22|3,00|||1,00||
|C170|4|500243||4,00000|UN|18,64||0|000|5152||18,64|17,00|3,17|0||0|||||||01|18,64|0,65|||0,12|01|18,64|3,00|||0,56||
|C170|5|500244||6,00000|UN|47,52||0|000|5152||47,52|17,00|8,08|0||0|||||||01|47,52|0,65|||0,31|01|47,52|3,00|||1,43||
|C170|6|500245||4,00000|UN|45,00||0|000|5152||45,00|17,00|7,65|0||0|||||||01|45,00|0,65|||0,29|01|45,00|3,00|||1,35||
|C170|7|500631||2,00000|UN|40,96||0|000|5152||40,96|17,00|6,96|0||0|||||||01|40,96|0,65|||0,27|01|40,96|3,00|||1,23||
|C170|8|500632||3,00000|UN|27,00||0|000|5152||27,00|17,00|4,59|0||0|||||||01|27,00|0,65|||0,18|01|27,00|3,00|||0,81||
|C170|9|500633||2,00000|UN|42,88||0|000|5152||42,88|17,00|7,29|0||0|||||||01|42,88|0,65|||0,28|01|42,88|3,00|||1,29||
|C170|10|502200||3,00000|UN|119,52||0|000|5152||119,52|17,00|20,32|0||0|||||||01|119,52|0,65|||0,78|01|119,52|3,00|||3,59||
|C170|11|501792||5,00000|UN|51,65||0|000|5152||51,65|17,00|8,78|0||0|||||||01|51,65|0,65|||0,34|01|51,65|3,00|||1,55||
|C190|000|5152|17,00|460,99|460,99|78,37|0|0|0|0||
|C100|1|0|800008026|01|00|U|0069797||09112011|09112011|10685,96|0|||10685,96|9||||10685,96|1816,61||||||||
|C170|1|030113||1,00000|UN|1713,04||0|000|5152||1713,04|17,00|291,22|0||0|||||||01|1713,04|0,65|||11,13|01|1713,04|3,00|||51,39||
|C170|2|030473||1,00000|UN|655,00||0|000|5152||655,00|17,00|111,35|0||0|||||||01|655,00|0,65|||4,26|01|655,00|3,00|||19,65||
|C170|3|030523||3,00000|UN|523,20||0|000|5152||523,20|17,00|88,94|0||0|||||||01|523,20|0,65|||3,40|01|523,20|3,00|||15,70||
|C170|4|030573||2,00000|UN|1268,94||0|000|5152||1268,94|17,00|215,72|0||0|||||||01|1268,94|0,65|||8,25|01|1268,94|3,00|||38,07||
|C170|5|030553||2,00000|UN|1171,14||0|000|5152||1171,14|17,00|199,09|0||0|||||||01|1171,14|0,65|||7,61|01|1171,14|3,00|||35,13||
|C170|6|030533||2,00000|UN|582,56||0|000|5152||582,56|17,00|99,04|0||0|||||||01|582,56|0,65|||3,79|01|582,56|3,00|||17,48||
|C170|7|031160||1,00000|UN|1068,26||0|000|5152||1068,26|17,00|181,60|0||0|||||||01|1068,26|0,65|||6,94|01|1068,26|3,00|||32,05||
|C170|8|031240||6,00000|UN|958,38||0|000|5152||958,38|17,00|162,92|0||0|||||||01|958,38|0,65|||6,23|01|958,38|3,00|||28,75||
|C170|9|030940||1,00000|UN|999,16||0|000|5152||999,16|17,00|169,86|0||0|||||||01|999,16|0,65|||6,49|01|999,16|3,00|||29,97||
|C170|10|030660||4,00000|UN|721,96||0|000|5152||721,96|17,00|122,73|0||0|||||||01|721,96|0,65|||4,69|01|721,96|3,00|||21,66||
|C170|11|070420||6,00000|UN|1024,32||0|000|5152||1024,32|17,00|174,13|0||0|||||||01|1024,32|0,65|||6,66|01|1024,32|3,00|||30,73||
|C190|000|5152|17,00|10685,96|10685,96|1816,61|0|0|0|0||
|C100|1|0|800008026|01|00|U|0069805||10112011|10112011|1305,31|0|||1305,31|9||||1305,31|221,90||||||||
|C170|1|030093||1,00000|UN|1305,31||0|000|5152||1305,31|17,00|221,90|0||0|||||||01|1305,31|0,65|||8,48|01|1305,31|3,00|||39,16||
|C190|000|5152|17,00|1305,31|1305,31|221,90|0|0|0|0||
|C100|1|0|800008026|01|00|U|0069807||10112011|10112011|513,71|0|||513,71|9||||513,71|87,33||||||||
|C170|1|950470||1,00000|UN|513,71||0|000|5152||513,71|17,00|87,33|0||0|||||||01|513,71|0,65|||3,34|01|513,71|3,00|||15,41||
|C190|000|5152|17,00|513,71|513,71|87,33|0|0|0|0||
|C100|1|0|800008026|01|00|U|0069810||10112011|10112011|1068,26|0|||1068,26|9||||1068,26|181,60||||||||
|C170|1|031160||1,00000|UN|1068,26||0|000|5152||1068,26|17,00|181,60|0||0|||||||01|1068,26|0,65|||6,94|01|1068,26|3,00|||32,05||
|C190|000|5152|17,00|1068,26|1068,26|181,60|0|0|0|0||
|C100|1|0|800008026|01|00|U|0069817||12112011|12112011|4508,72|0|||4508,72|9||||4508,72|766,48||||||||
|C170|1|100200||6,00000|UN|1489,92||0|000|5152||1489,92|17,00|253,29|0||0|||||||01|1489,92|0,65|||9,68|01|1489,92|3,00|||44,70||
|C170|2|100210||10,00000|UN|2324,80||0|000|5152||2324,80|17,00|395,22|0||0|||||||01|2324,80|0,65|||15,11|01|2324,80|3,00|||69,74||
|C170|3|150040||20,00000|UN|694,00||0|000|5152||694,00|17,00|117,98|0||0|||||||01|694,00|0,65|||4,51|01|694,00|3,00|||20,82||
|C190|000|5152|17,00|4508,72|4508,72|766,48|0|0|0|0||
|C100|1|0|800008026|01|00|U|0069837||17112011|17112011|1489,92|0|||1489,92|9||||1489,92|253,29||||||||
|C170|1|100200||6,00000|UN|1489,92||0|000|5152||1489,92|17,00|253,29|0||0|||||||01|1489,92|0,65|||9,68|01|1489,92|3,00|||44,70||
|C190|000|5152|17,00|1489,92|1489,92|253,29|0|0|0|0||
|C100|1|0|800008026|01|00|U|0069843||19112011|19112011|148,72|0|||148,72|9||||148,72|25,28||||||||
|C170|1|180270||1,00000|UN|148,72||0|000|5152||148,72|17,00|25,28|0||0|||||||01|148,72|0,65|||0,97|01|148,72|3,00|||4,46||
|C190|000|5152|17,00|148,72|148,72|25,28|0|0|0|0||
|C100|1|0|800008026|01|00|U|0069847||21112011|21112011|31,59|0|||31,59|9||||31,59|5,37||||||||
|C170|1|810060||1,00000|UN|31,59||0|000|5152||31,59|17,00|5,37|0||0|||||||01|31,59|0,65|||0,21|01|31,59|3,00|||0,95||
|C190|000|5152|17,00|31,59|31,59|5,37|0|0|0|0||
|C100|1|0|800008026|01|00|U|0069848||21112011|21112011|628,57|0|||628,57|9||||628,57|106,86||||||||
|C170|1|105105||1,00000|UN|18,98||0|000|5152||18,98|17,00|3,23|0||0|||||||01|18,98|0,65|||0,12|01|18,98|3,00|||0,57||
|C170|2|501410||2,00000|UN|53,48||0|000|5152||53,48|17,00|9,09|0||0|||||||01|53,48|0,65|||0,35|01|53,48|3,00|||1,60||
|C170|3|501451||1,00000|UN|19,88||0|000|5152||19,88|17,00|3,38|0||0|||||||01|19,88|0,65|||0,13|01|19,88|3,00|||0,60||
|C170|4|811060||1,00000|UN|33,66||0|000|5152||33,66|17,00|5,72|0||0|||||||01|33,66|0,65|||0,22|01|33,66|3,00|||1,01||
|C170|5|700820||1,00000|UN|39,83||0|000|5152||39,83|17,00|6,77|0||0|||||||01|39,83|0,65|||0,26|01|39,83|3,00|||1,19||
|C170|6|812510||1,00000|UN|43,08||0|000|5152||43,08|17,00|7,32|0||0|||||||01|43,08|0,65|||0,28|01|43,08|3,00|||1,29||
|C170|7|813000||2,00000|UN|66,54||0|000|5152||66,54|17,00|11,31|0||0|||||||01|66,54|0,65|||0,43|01|66,54|3,00|||2,00||
|C170|8|900401||1,00000|UN|68,29||0|000|5152||68,29|17,00|11,61|0||0|||||||01|68,29|0,65|||0,44|01|68,29|3,00|||2,05||
|C170|9|901561||2,00000|UN|38,40||0|000|5152||38,40|17,00|6,53|0||0|||||||01|38,40|0,65|||0,25|01|38,40|3,00|||1,15||
|C170|10|903370||1,00000|UN|37,46||0|000|5152||37,46|17,00|6,37|0||0|||||||01|37,46|0,65|||0,24|01|37,46|3,00|||1,12||
|C170|11|890460||1,00000|UN|76,59||0|000|5152||76,59|17,00|13,02|0||0|||||||01|76,59|0,65|||0,50|01|76,59|3,00|||2,30||
|C170|12|970720||1,00000|UN|50,90||0|000|5152||50,90|17,00|8,65|0||0|||||||01|50,90|0,65|||0,33|01|50,90|3,00|||1,53||
|C170|13|900051||1,00000|UN|58,21||0|000|5152||58,21|17,00|9,90|0||0|||||||01|58,21|0,65|||0,38|01|58,21|3,00|||1,75||
|C170|14|910720||1,00000|UN|23,27||0|000|5152||23,27|17,00|3,96|0||0|||||||01|23,27|0,65|||0,15|01|23,27|3,00|||0,70||
|C190|000|5152|17,00|628,57|628,57|106,86|0|0|0|0||
|C100|1|0|800008026|01|00|U|0069849||21112011|21112011|337,98|0|||337,98|9||||337,98|57,46||||||||
|C170|1|690190||2,00000|UN|66,14||0|000|5152||66,14|17,00|11,24|0||0|||||||01|66,14|0,65|||0,43|01|66,14|3,00|||1,98||
|C170|2|810060||2,00000|UN|63,18||0|000|5152||63,18|17,00|10,74|0||0|||||||01|63,18|0,65|||0,41|01|63,18|3,00|||1,90||
|C170|3|910541||1,00000|UN|49,08||0|000|5152||49,08|17,00|8,34|0||0|||||||01|49,08|0,65|||0,32|01|49,08|3,00|||1,47||
|C170|4|950151||2,00000|UN|73,34||0|000|5152||73,34|17,00|12,47|0||0|||||||01|73,34|0,65|||0,48|01|73,34|3,00|||2,20||
|C170|5|810760||2,00000|UN|71,60||0|000|5152||71,60|17,00|12,17|0||0|||||||01|71,60|0,65|||0,47|01|71,60|3,00|||2,15||
|C170|6|970690||1,00000|UN|14,64||0|000|5152||14,64|17,00|2,49|0||0|||||||01|14,64|0,65|||0,10|01|14,64|3,00|||0,44||
|C190|000|5152|17,00|337,98|337,98|57,46|0|0|0|0||
|C100|1|0|800008026|01|00|U|0069850||21112011|21112011|616,89|0|||616,89|9||||616,89|104,87||||||||
|C170|1|810200||2,00000|UN|60,94||0|000|5152||60,94|17,00|10,36|0||0|||||||01|60,94|0,65|||0,40|01|60,94|3,00|||1,83||
|C170|2|810352||6,00000|UN|45,66||0|000|5152||45,66|17,00|7,76|0||0|||||||01|45,66|0,65|||0,30|01|45,66|3,00|||1,37||
|C170|3|810521||2,00000|UN|35,80||0|000|5152||35,80|17,00|6,09|0||0|||||||01|35,80|0,65|||0,23|01|35,80|3,00|||1,07||
|C170|4|810522||1,00000|UN|35,72||0|000|5152||35,72|17,00|6,07|0||0|||||||01|35,72|0,65|||0,23|01|35,72|3,00|||1,07||
|C170|5|810353||6,00000|UN|61,02||0|000|5152||61,02|17,00|10,37|0||0|||||||01|61,02|0,65|||0,40|01|61,02|3,00|||1,83||
|C170|6|810861||24,00000|UN|223,20||0|000|5152||223,20|17,00|37,94|0||0|||||||01|223,20|0,65|||1,45|01|223,20|3,00|||6,70||
|C170|7|812961||3,00000|UN|72,81||0|000|5152||72,81|17,00|12,38|0||0|||||||01|72,81|0,65|||0,47|01|72,81|3,00|||2,18||
|C170|8|810923||4,00000|UN|17,08||0|000|5152||17,08|17,00|2,90|0||0|||||||01|17,08|0,65|||0,11|01|17,08|3,00|||0,51||
|C170|9|810921||6,00000|UN|28,74||0|000|5152||28,74|17,00|4,89|0||0|||||||01|28,74|0,65|||0,19|01|28,74|3,00|||0,86||
|C170|10|810924||2,00000|UN|35,92||0|000|5152||35,92|17,00|6,11|0||0|||||||01|35,92|0,65|||0,23|01|35,92|3,00|||1,08||
|C190|000|5152|17,00|616,89|616,89|104,87|0|0|0|0||
|C100|1|0|800008026|01|00|U|0069851||21112011|21112011|276,65|0|||276,65|9||||276,65|47,03||||||||
|C170|1|810071||2,00000|UN|30,16||0|000|5152||30,16|17,00|5,13|0||0|||||||01|30,16|0,65|||0,20|01|30,16|3,00|||0,90||
|C170|2|810561||2,00000|UN|22,58||0|000|5152||22,58|17,00|3,84|0||0|||||||01|22,58|0,65|||0,15|01|22,58|3,00|||0,68||
|C170|3|810862||8,00000|UN|47,84||0|000|5152||47,84|17,00|8,13|0||0|||||||01|47,84|0,65|||0,31|01|47,84|3,00|||1,44||
|C170|4|813371||24,00000|UN|58,56||0|000|5152||58,56|17,00|9,96|0||0|||||||01|58,56|0,65|||0,38|01|58,56|3,00|||1,76||
|C170|5|813360||12,00000|UN|50,76||0|000|5152||50,76|17,00|8,63|0||0|||||||01|50,76|0,65|||0,33|01|50,76|3,00|||1,52||
|C170|6|813472||3,00000|UN|66,75||0|000|5152||66,75|17,00|11,35|0||0|||||||01|66,75|0,65|||0,43|01|66,75|3,00|||2,00||
|C190|000|5152|17,00|276,65|276,65|47,03|0|0|0|0||
|C100|1|0|800008026|01|00|U|0069853||22112011|22112011|10573,13|0|||10573,13|9||||10573,13|1797,43||||||||
|C170|1|030130||1,00000|UN|1264,52||0|000|5152||1264,52|17,00|214,97|0||0|||||||01|1264,52|0,65|||8,22|01|1264,52|3,00|||37,94||
|C170|2|030573||1,00000|UN|634,47||0|000|5152||634,47|17,00|107,86|0||0|||||||01|634,47|0,65|||4,12|01|634,47|3,00|||19,03||
|C170|3|040290||2,00000|UN|1358,48||0|000|5152||1358,48|17,00|230,94|0||0|||||||01|1358,48|0,65|||8,83|01|1358,48|3,00|||40,75||
|C170|4|040250||3,00000|UN|1636,05||0|000|5152||1636,05|17,00|278,13|0||0|||||||01|1636,05|0,65|||10,63|01|1636,05|3,00|||49,08||
|C170|5|040530||2,00000|UN|1127,06||0|000|5152||1127,06|17,00|191,60|0||0|||||||01|1127,06|0,65|||7,33|01|1127,06|3,00|||33,81||
|C170|6|031240||3,00000|UN|479,19||0|000|5152||479,19|17,00|81,46|0||0|||||||01|479,19|0,65|||3,11|01|479,19|3,00|||14,38||
|C170|7|100160||5,00000|UN|1427,50||0|000|5152||1427,50|17,00|242,68|0||0|||||||01|1427,50|0,65|||9,28|01|1427,50|3,00|||42,83||
|C170|8|180203||6,00000|UN|1435,86||0|000|5152||1435,86|17,00|244,10|0||0|||||||01|1435,86|0,65|||9,33|01|1435,86|3,00|||43,08||
|C170|9|180510||2,00000|UN|1210,00||0|000|5152||1210,00|17,00|205,70|0||0|||||||01|1210,00|0,65|||7,87|01|1210,00|3,00|||36,30||
|C190|000|5152|17,00|10573,13|10573,13|1797,43|0|0|0|0||
|C100|1|0|800008026|01|00|U|0069770||01112011|01112011|241,10|0|||241,10|9||||241,10|40,99||||||||
|C170|1|890550||2,00000|UN|241,10||0|000|5152||241,10|17,00|40,99|0||0|||||||01|241,10|0,65|||1,57|01|241,10|3,00|||7,23||
|C190|000|5152|17,00|241,10|241,10|40,99|0|0|0|0||
|C100|1|0|800008026|01|00|U|0069771||01112011|01112011|1543,37|0|||1543,37|9||||1543,37|262,37||||||||
|C170|1|030830||1,00000|UN|1543,37||0|000|5152||1543,37|17,00|262,37|0||0|||||||01|1543,37|0,65|||10,03|01|1543,37|3,00|||46,30||
|C190|000|5152|17,00|1543,37|1543,37|262,37|0|0|0|0||
|C100|1|0|800008026|01|00|U|0069772||01112011|01112011|839,54|0|||839,54|9||||839,54|142,72||||||||
|C170|1|030383||1,00000|UN|839,54||0|000|5152||839,54|17,00|142,72|0||0|||||||01|839,54|0,65|||5,46|01|839,54|3,00|||25,19||
|C190|000|5152|17,00|839,54|839,54|142,72|0|0|0|0||
|C100|1|0|800008026|01|00|U|0069779||04112011|04112011|5803,76|0|||5803,76|9||||5803,76|986,64||||||||
|C170|1|030033||1,00000|UN|1416,66||0|000|5152||1416,66|17,00|240,83|0||0|||||||01|1416,66|0,65|||9,21|01|1416,66|3,00|||42,50||
|C170|2|040290||2,00000|UN|1358,48||0|000|5152||1358,48|17,00|230,94|0||0|||||||01|1358,48|0,65|||8,83|01|1358,48|3,00|||40,75||
|C170|3|290210||3,00000|UN|559,83||0|000|5152||559,83|17,00|95,17|0||0|||||||01|559,83|0,65|||3,64|01|559,83|3,00|||16,79||
|C170|4|051320||1,00000|UN|1368,79||0|000|5152||1368,79|17,00|232,69|0||0|||||||01|1368,79|0,65|||8,90|01|1368,79|3,00|||41,06||
|C170|5|290060||2,00000|UN|284,08||0|000|5152||284,08|17,00|48,29|0||0|||||||01|284,08|0,65|||1,85|01|284,08|3,00|||8,52||
|C170|6|290200||6,00000|UN|366,30||0|000|5152||366,30|17,00|62,27|0||0|||||||01|366,30|0,65|||2,38|01|366,30|3,00|||10,99||
|C170|7|950400||2,00000|UN|449,62||0|000|5152||449,62|17,00|76,44|0||0|||||||01|449,62|0,65|||2,92|01|449,62|3,00|||13,49||
|C190|000|5152|17,00|5803,76|5803,76|986,64|0|0|0|0||
|C100|1|0|800008026|01|00|U|0069780||04112011|04112011|1332,95|0|||1332,95|9||||1332,95|226,60||||||||
|C170|1|104600||3,00000|UN|14,46||0|000|5152||14,46|17,00|2,46|0||0|||||||01|14,46|0,65|||0,09|01|14,46|3,00|||0,43||
|C170|2|104610||3,00000|UN|34,08||0|000|5152||34,08|17,00|5,79|0||0|||||||01|34,08|0,65|||0,22|01|34,08|3,00|||1,02||
|C170|3|104620||2,00000|UN|37,64||0|000|5152||37,64|17,00|6,40|0||0|||||||01|37,64|0,65|||0,24|01|37,64|3,00|||1,13||
|C170|4|104630||10,00000|UN|188,20||0|000|5152||188,20|17,00|31,99|0||0|||||||01|188,20|0,65|||1,22|01|188,20|3,00|||5,65||
|C170|5|104640||4,00000|UN|25,56||0|000|5152||25,56|17,00|4,35|0||0|||||||01|25,56|0,65|||0,17|01|25,56|3,00|||0,77||
|C170|6|104650||20,00000|UN|83,40||0|000|5152||83,40|17,00|14,18|0||0|||||||01|83,40|0,65|||0,54|01|83,40|3,00|||2,50||
|C170|7|660341||4,00000|UN|270,76||0|000|5152||270,76|17,00|46,03|0||0|||||||01|270,76|0,65|||1,76|01|270,76|3,00|||8,12||
|C170|8|660621||2,00000|UN|90,30||0|000|5152||90,30|17,00|15,35|0||0|||||||01|90,30|0,65|||0,59|01|90,30|3,00|||2,71||
|C170|9|660651||2,00000|UN|76,52||0|000|5152||76,52|17,00|13,01|0||0|||||||01|76,52|0,65|||0,50|01|76,52|3,00|||2,30||
|C170|10|660301||2,00000|UN|197,44||0|000|5152||197,44|17,00|33,56|0||0|||||||01|197,44|0,65|||1,28|01|197,44|3,00|||5,92||
|C170|11|660090||1,00000|UN|60,82||0|000|5152||60,82|17,00|10,34|0||0|||||||01|60,82|0,65|||0,40|01|60,82|3,00|||1,82||
|C170|12|660230||3,00000|UN|179,07||0|000|5152||179,07|17,00|30,44|0||0|||||||01|179,07|0,65|||1,16|01|179,07|3,00|||5,37||
|C170|13|104660||10,00000|UN|74,70||0|000|5152||74,70|17,00|12,70|0||0|||||||01|74,70|0,65|||0,49|01|74,70|3,00|||2,24||
|C190|000|5152|17,00|1332,95|1332,95|226,60|0|0|0|0||
|C100|1|0|800008026|01|00|U|0069781||04112011|04112011|786,97|0|||786,97|9||||786,97|133,78||||||||
|C170|1|680010||3,00000|UN|43,05||0|000|5152||43,05|17,00|7,32|0||0|||||||01|43,05|0,65|||0,28|01|43,05|3,00|||1,29||
|C170|2|680020||2,00000|UN|42,04||0|000|5152||42,04|17,00|7,15|0||0|||||||01|42,04|0,65|||0,27|01|42,04|3,00|||1,26||
|C170|3|680930||5,00000|UN|290,30||0|000|5152||290,30|17,00|49,35|0||0|||||||01|290,30|0,65|||1,89|01|290,30|3,00|||8,71||
|C170|4|680281||2,00000|UN|30,12||0|000|5152||30,12|17,00|5,12|0||0|||||||01|30,12|0,65|||0,20|01|30,12|3,00|||0,90||
|C170|5|680660||1,00000|UN|36,84||0|000|5152||36,84|17,00|6,26|0||0|||||||01|36,84|0,65|||0,24|01|36,84|3,00|||1,11||
|C170|6|680490||3,00000|UN|65,91||0|000|5152||65,91|17,00|11,20|0||0|||||||01|65,91|0,65|||0,43|01|65,91|3,00|||1,98||
|C170|7|680940||4,00000|UN|122,52||0|000|5152||122,52|17,00|20,83|0||0|||||||01|122,52|0,65|||0,80|01|122,52|3,00|||3,68||
|C170|8|680970||2,00000|UN|37,36||0|000|5152||37,36|17,00|6,35|0||0|||||||01|37,36|0,65|||0,24|01|37,36|3,00|||1,12||
|C170|9|680941||1,00000|UN|59,02||0|000|5152||59,02|17,00|10,03|0||0|||||||01|59,02|0,65|||0,38|01|59,02|3,00|||1,77||
|C170|10|680990||3,00000|UN|41,19||0|000|5152||41,19|17,00|7,00|0||0|||||||01|41,19|0,65|||0,27|01|41,19|3,00|||1,24||
|C170|11|680951||2,00000|UN|18,62||0|000|5152||18,62|17,00|3,17|0||0|||||||01|18,62|0,65|||0,12|01|18,62|3,00|||0,56||
|C190|000|5152|17,00|786,97|786,97|133,78|0|0|0|0||
|C100|1|0|800008026|01|00|U|0069783||05112011|05112011|1260,05|0|||1260,05|9||||1260,05|214,21||||||||
|C170|1|030053||1,00000|UN|1209,67||0|000|5152||1209,67|17,00|205,64|0||0|||||||01|1209,67|0,65|||7,86|01|1209,67|3,00|||36,29||
|C170|2|740010||2,00000|UN|50,38||0|000|5152||50,38|17,00|8,56|0||0|||||||01|50,38|0,65|||0,33|01|50,38|3,00|||1,51||
|C190|000|5152|17,00|1260,05|1260,05|214,21|0|0|0|0||
|C100|1|0|800008026|01|00|U|0069784||05112011|05112011|983,37|0|||983,37|9||||983,37|167,17||||||||
|C170|1|030293||1,00000|UN|983,37||0|000|5152||983,37|17,00|167,17|0||0|||||||01|983,37|0,65|||6,39|01|983,37|3,00|||29,50||
|C190|000|5152|17,00|983,37|983,37|167,17|0|0|0|0||
|C100|1|0|800008026|01|00|U|0069786||07112011|07112011|148,72|0|||148,72|9||||148,72|25,28||||||||
|C170|1|180270||1,00000|UN|148,72||0|000|5152||148,72|17,00|25,28|0||0|||||||01|148,72|0,65|||0,97|01|148,72|3,00|||4,46||
|C190|000|5152|17,00|148,72|148,72|25,28|0|0|0|0||
|C100|1|0|800007240|01|00|U|0069907||29112011|29112011|1099,00|0|||1099,00|9||||0|0||||||||
|C170|1|040290||1,00000|UN|1099,00||0|041|5949|||||0||0|||||||99||||||99|||||||
|C190|041|5949||1099,00|0|0|0|0|0|0||
|C100|1|0|800008069|01|00|U|0069874||24112011|24112011|9000,00|0|||9000,00|9||||0|0||||||||
|C170|1|030123||1,00000|UN|3299,00||0|041|5949|||||0||0|||||||99||||||99|||||||
|C170|2|030830||1,00000|UN|2599,00||0|041|5949|||||0||0|||||||99||||||99|||||||
|C170|3|220370||1,00000|UN|1799,00||0|041|5949|||||0||0|||||||99||||||99|||||||
|C170|4|031120||1,00000|UN|924,00||0|041|5949|||||0||0|||||||99||||||99|||||||
|C170|5|100210||1,00000|UN|379,00||0|041|5949|||||0||0|||||||99||||||99|||||||
|C190|041|5949||9000,00|0|0|0|0|0|0||
|C100|1|0|800006994|01|00|U|0069844||19112011|19112011|6785,00|0|||6785,00|9||||0|0||||||||
|C170|1|030680||1,00000|UN|571,00||0|041|5949|||||0||0|||||||99||||||99|||||||
|C170|2|030800||1,00000|UN|791,00||0|041|5949|||||0||0|||||||99||||||99|||||||
|C170|3|030830||1,00000|UN|1144,00||0|041|5949|||||0||0|||||||99||||||99|||||||
|C170|4|030820||1,00000|UN|1144,00||0|041|5949|||||0||0|||||||99||||||99|||||||
|C170|5|030951||1,00000|UN|440,00||0|041|5949|||||0||0|||||||99||||||99|||||||
|C170|6|100210||1,00000|UN|168,00||0|041|5949|||||0||0|||||||99||||||99|||||||
|C170|7|220650||1,00000|UN|1693,00||0|041|5949|||||0||0|||||||99||||||99|||||||
|C170|8|250520||1,00000|UN|439,00||0|041|5949|||||0||0|||||||99||||||99|||||||
|C170|9|950470||1,00000|UN|395,00||0|041|5949|||||0||0|||||||99||||||99|||||||
|C190|041|5949||6785,00|0|0|0|0|0|0||
|C100|1|0|800006994|01|00|U|0069829||16112011|16112011|5801,00|0|||5801,00|9||||0|0||||||||
|C170|1|030030||1,00000|UN|1294,00||0|041|5949|||||0||0|||||||99||||||99|||||||
|C170|2|030680||1,00000|UN|623,00||0|041|5949|||||0||0|||||||99||||||99|||||||
|C170|3|030830||1,00000|UN|1160,00||0|041|5949|||||0||0|||||||99||||||99|||||||
|C170|4|030760||1,00000|UN|580,00||0|041|5949|||||0||0|||||||99||||||99|||||||
|C170|5|030770||1,00000|UN|580,00||0|041|5949|||||0||0|||||||99||||||99|||||||
|C170|6|031260||1,00000|UN|258,00||0|041|5949|||||0||0|||||||99||||||99|||||||
|C170|7|950470||2,00000|UN|802,00||0|041|5949|||||0||0|||||||99||||||99|||||||
|C170|8|040123||1,00000|UN|335,00||0|041|5949|||||0||0|||||||99||||||99|||||||
|C170|9|100210||1,00000|UN|169,00||0|041|5949|||||0||0|||||||99||||||99|||||||
|C190|041|5949||5801,00|0|0|0|0|0|0||
|C100|1|0|800006994|01|00|U|0069815||11112011|11112011|1500,00|0|||1500,00|9||||0|0||||||||
|C170|1|051323||1,00000|UN|1200,00||0|041|5949|||||0||0|||||||99||||||99|||||||
|C170|2|100013||1,00000|UN|300,00||0|041|5949|||||0||0|||||||99||||||99|||||||
|C190|041|5949||1500,00|0|0|0|0|0|0||
|C100|1|0|800006994|01|00|U|0069898||28112011|28112011|1583,00|0|||1583,00|9||||0|0||||||||
|C170|1|030760||1,00000|UN|573,00||0|041|5949|||||0||0|||||||99||||||99|||||||
|C170|2|180770||2,00000|UN|1010,00||0|041|5949|||||0||0|||||||99||||||99|||||||
|C190|041|5949||1583,00|0|0|0|0|0|0||
|C100|1|0|800006994|01|00|U|0069899||28112011|28112011|1452,00|0|||1452,00|9||||0|0||||||||
|C170|1|030123||1,00000|UN|1452,00||0|041|5949|||||0||0|||||||99||||||99|||||||
|C190|041|5949||1452,00|0|0|0|0|0|0||
|C100|1|0|800006994|01|00|U|0069857||22112011|22112011|224,81|0|||224,81|9||||0|0||||||||
|C170|1|950400||1,00000|UN|224,81||0|041|5915|||||0||0|||||||99||||||99|||||||
|C190|041|5915||224,81|0|0|0|0|0|0||
|C100|1|0|800007242|01|00|U|0069828||16112011|16112011|2399,00|0|||2399,00|9||||0|0||||||||
|C170|1|030353||1,00000|UN|2399,00||0|041|5949|||||0||0|||||||99||||||99|||||||
|C190|041|5949||2399,00|0|0|0|0|0|0||
|C100|1|0|800007237|01|00|U|0069787||08112011|08112011|3432,72|0|||2898,61|9||||2898,61|347,83||||||||
|C170|1|090010||3,00000|UN|164,19||0|000|6202||164,19|12,00|19,70|0||0|||||||01|164,19|0,65|||1,07|01|164,19|3,00|||4,93||
|C170|2|090090||1,00000|UN|15,83||0|000|6202||15,83|12,00|1,90|0||0|||||||01|15,83|0,65|||0,10|01|15,83|3,00|||0,47||
|C170|3|090100||13,00000|UN|151,58||0|000|6202||151,58|12,00|18,19|0||0|||||||01|151,58|0,65|||0,99|01|151,58|3,00|||4,55||
|C170|4|090120||1,00000|UN|15,83||0|000|6202||15,83|12,00|1,90|0||0|||||||01|15,83|0,65|||0,10|01|15,83|3,00|||0,47||
|C170|5|090130||3,00000|UN|69,00||0|000|6202||69,00|12,00|8,28|0||0|||||||01|69,00|0,65|||0,45|01|69,00|3,00|||2,07||
|C170|6|090240||4,00000|UN|135,64||0|000|6202||135,64|12,00|16,28|0||0|||||||01|135,64|0,65|||0,88|01|135,64|3,00|||4,07||
|C170|7|090310||10,00000|UN|912,00||0|000|6202||912,00|12,00|109,44|0||0|||||||01|912,00|0,65|||5,93|01|912,00|3,00|||27,36||
|C170|8|090260||2,00000|UN|345,44||0|000|6202||345,44|12,00|41,45|0||0|||||||01|345,44|0,65|||2,25|01|345,44|3,00|||10,36||
|C170|9|090340||24,00000|UN|638,40||0|000|6202||638,40|12,00|76,61|0||0|||||||01|638,40|0,65|||4,15|01|638,40|3,00|||19,15||
|C170|10|090280||4,00000|UN|417,84||0|000|6202||417,84|12,00|50,14|0||0|||||||01|417,84|0,65|||2,72|01|417,84|3,00|||12,54||
|C170|11|090300||1,00000|UN|32,86||0|000|6202||32,86|12,00|3,94|0||0|||||||01|32,86|0,65|||0,21|01|32,86|3,00|||0,99||
|C190|000|6202|12,00|3432,72|2898,61|347,83|0|0|0|0||
|C100|1|0|800007237|01|00|U|0069788||08112011|08112011|4639,88|0|||3866,57|9||||3866,57|463,99||||||||
|C170|1|090320||29,00000|UN|3866,57||0|000|6202||3866,57|12,00|463,99|0||0|||||||01|3866,57|0,65|||25,13|01|3866,57|3,00|||116,00||
|C190|000|6202|12,00|4639,88|3866,57|463,99|0|0|0|0||
|C100|1|0|800007074|01|00|U|0069860||22112011|22112011|304,44|0|||276,77|9||||276,77|19,37||||||||
|C170|1|680020||1,00000|UN|18,57||0|000|6915||18,57|7,00|1,30|0||0|||||||99||||||99|||||||
|C170|2|680930||3,00000|UN|153,90||0|000|6915||153,90|7,00|10,77|0||0|||||||99||||||99|||||||
|C170|3|680941||2,00000|UN|104,30||0|000|6915||104,30|7,00|7,30|0||0|||||||99||||||99|||||||
|C190|000|6915|7,00|304,44|276,77|19,37|0|0|0|0||
|C100|0|1|800008026|01|00|1|0009130||21112011|21112011|196,76|0|||196,76|9||||196,76|33,45||||||||
|C170|1|200370||1,00000|UN|196,76||0|000|1152||196,76|17,00|33,45|0||0||||||||||||||||||||
|C190|000|1152|17,00|196,76|196,76|33,45|0|0|0|0||
|C100|0|1|800008026|01|00|1|0009131||21112011|21112011|2038,27|0|||2038,27|9||||2038,27|346,51||||||||
|C170|1|030033||1,00000|UN|1416,66||0|000|1152||1416,66|17,00|240,83|0||0||||||||||||||||||||
|C170|2|040173||1,00000|UN|621,61||0|000|1152||621,61|17,00|105,67|0||0||||||||||||||||||||
|C190|000|1152|17,00|2038,27|2038,27|346,51|0|0|0|0||
|C100|0|1|800008026|01|00|1|0009134||22112011|22112011|67,11|0|||67,11|9||||67,11|11,41||||||||
|C170|1|903080||1,00000|UN|67,11||0|000|1152||67,11|17,00|11,41|0||0||||||||||||||||||||
|C190|000|1152|17,00|67,11|67,11|11,41|0|0|0|0||
|C100|0|1|800008026|01|00|1|0009136||22112011|22112011|90,00|0|||90,00|9||||90,00|15,30||||||||
|C170|1|890520||1,00000|UN|57,93||0|000|1152||57,93|17,00|9,85|0||0||||||||||||||||||||
|C170|2|910785||1,00000|UN|32,07||0|000|1152||32,07|17,00|5,45|0||0||||||||||||||||||||
|C190|000|1152|17,00|90,00|90,00|15,30|0|0|0|0||
|C100|0|1|800008026|01|00|1|0009137||23112011|23112011|1200,26|0|||1200,26|9||||1200,26|204,04||||||||
|C170|1|031273||1,00000|UN|1200,26||0|000|1152||1200,26|17,00|204,04|0||0||||||||||||||||||||
|C190|000|1152|17,00|1200,26|1200,26|204,04|0|0|0|0||
|C100|0|1|800008026|01|00|1|0009142||24112011|24112011|1625,42|0|||1625,42|9||||1625,42|276,32||||||||
|C170|1|030030||1,00000|UN|1625,42||0|000|1152||1625,42|17,00|276,32|0||0||||||||||||||||||||
|C190|000|1152|17,00|1625,42|1625,42|276,32|0|0|0|0||
|C100|0|1|800008026|01|00|1|0009144||24112011|24112011|144,52|0|||144,52|9||||144,52|24,57||||||||
|C170|1|702210||1,00000|UN|77,41||0|000|1152||77,41|17,00|13,16|0||0||||||||||||||||||||
|C170|2|903080||1,00000|UN|67,11||0|000|1152||67,11|17,00|11,41|0||0||||||||||||||||||||
|C190|000|1152|17,00|144,52|144,52|24,57|0|0|0|0||
|C100|0|1|800008026|01|00|1|0009147||24112011|24112011|186,02|0|||186,02|9||||186,02|31,62||||||||
|C170|1|180253||1,00000|UN|186,02||0|000|1152||186,02|17,00|31,62|0||0||||||||||||||||||||
|C190|000|1152|17,00|186,02|186,02|31,62|0|0|0|0||
|C100|0|1|800008026|01|00|1|0009148||24112011|24112011|104,46|0|||104,46|9||||104,46|17,76||||||||
|C170|1|090280||1,00000|UN|104,46||0|000|1152||104,46|17,00|17,76|0||0||||||||||||||||||||
|C190|000|1152|17,00|104,46|104,46|17,76|0|0|0|0||
|C100|0|1|800008026|01|00|1|0009150||25112011|25112011|189,89|0|||189,89|9||||189,89|32,28||||||||
|C170|1|180270||1,00000|UN|148,72||0|000|1152||148,72|17,00|25,28|0||0||||||||||||||||||||
|C170|2|290270||1,00000|UN|41,17||0|000|1152||41,17|17,00|7,00|0||0||||||||||||||||||||
|C190|000|1152|17,00|189,89|189,89|32,28|0|0|0|0||
|C100|0|1|800008026|01|00|1|0009152||25112011|25112011|1103,52|0|||1103,52|9||||1103,52|187,60||||||||
|C170|1|950480||1,00000|UN|1103,52||0|000|1152||1103,52|17,00|187,60|0||0||||||||||||||||||||
|C190|000|1152|17,00|1103,52|1103,52|187,60|0|0|0|0||
|C100|0|1|800008026|01|00|1|0009155||26112011|26112011|1125,04|0|||1125,04|9||||1125,04|191,26||||||||
|C170|1|030383||1,00000|UN|839,54||0|000|1152||839,54|17,00|142,72|0||0||||||||||||||||||||
|C170|2|100160||1,00000|UN|285,50||0|000|1152||285,50|17,00|48,53|0||0||||||||||||||||||||
|C190|000|1152|17,00|1125,04|1125,04|191,26|0|0|0|0||
|C100|0|1|800008026|01|00|1|0009160||28112011|28112011|1067,72|0|||1067,72|9||||1067,72|181,51||||||||
|C170|1|030473||1,00000|UN|655,00||0|000|1152||655,00|17,00|111,35|0||0||||||||||||||||||||
|C170|2|070460||1,00000|UN|412,72||0|000|1152||412,72|17,00|70,16|0||0||||||||||||||||||||
|C190|000|1152|17,00|1067,72|1067,72|181,51|0|0|0|0||
|C100|0|1|800008026|01|00|1|0009165||28112011|28112011|7308,40|0|||7308,40|9||||7308,40|1242,43||||||||
|C170|1|030093||1,00000|UN|1305,31||0|000|1152||1305,31|17,00|221,90|0||0||||||||||||||||||||
|C170|2|030293||1,00000|UN|983,37||0|000|1152||983,37|17,00|167,17|0||0||||||||||||||||||||
|C170|3|040173||1,00000|UN|621,61||0|000|1152||621,61|17,00|105,67|0||0||||||||||||||||||||
|C170|4|030830||1,00000|UN|1543,37||0|000|1152||1543,37|17,00|262,37|0||0||||||||||||||||||||
|C170|5|031160||1,00000|UN|614,67||0|000|1152||614,67|17,00|104,49|0||0||||||||||||||||||||
|C170|6|030303||1,00000|UN|1162,32||0|000|1152||1162,32|17,00|197,59|0||0||||||||||||||||||||
|C170|7|950470||1,00000|UN|513,71||0|000|1152||513,71|17,00|87,33|0||0||||||||||||||||||||
|C170|8|180270||2,00000|UN|297,44||0|000|1152||297,44|17,00|50,56|0||0||||||||||||||||||||
|C170|9|180203||1,00000|UN|239,31||0|000|1152||239,31|17,00|40,68|0||0||||||||||||||||||||
|C170|10|330050||1,00000|UN|27,29||0|000|1152||27,29|17,00|4,64|0||0||||||||||||||||||||
|C190|000|1152|17,00|7308,40|7308,40|1242,43|0|0|0|0||
|C100|0|1|800008026|01|00|1|0009166||28112011|28112011|43,17|0|||43,17|9||||43,17|7,34||||||||
|C170|1|330240||1,00000|UN|43,17||0|000|1152||43,17|17,00|7,34|0||0||||||||||||||||||||
|C190|000|1152|17,00|43,17|43,17|7,34|0|0|0|0||
|C100|0|1|800008026|01|00|1|0009167||29112011|29112011|938,62|0|||938,62|9||||938,62|159,57||||||||
|C170|1|031020||1,00000|UN|938,62||0|000|1152||938,62|17,00|159,57|0||0||||||||||||||||||||
|C190|000|1152|17,00|938,62|938,62|159,57|0|0|0|0||
|C100|0|1|800008026|01|00|1|0009168||29112011|29112011|359,21|0|||359,21|9||||359,21|61,07||||||||
|C170|1|050840||1,00000|UN|359,21||0|000|1152||359,21|17,00|61,07|0||0||||||||||||||||||||
|C190|000|1152|17,00|359,21|359,21|61,07|0|0|0|0||
|C100|0|1|800008026|01|00|1|0009171||30112011|30112011|27,29|0|||27,29|9||||27,29|4,64||||||||
|C170|1|330050||1,00000|UN|27,29||0|000|1152||27,29|17,00|4,64|0||0||||||||||||||||||||
|C190|000|1152|17,00|27,29|27,29|4,64|0|0|0|0||
|C100|0|1|800008026|01|00|1|0009172||30112011|30112011|1400,30|0|||1400,30|9||||1400,30|238,05||||||||
|C170|1|031240||1,00000|UN|159,73||0|000|1152||159,73|17,00|27,15|0||0||||||||||||||||||||
|C170|2|040423||1,00000|UN|455,01||0|000|1152||455,01|17,00|77,35|0||0||||||||||||||||||||
|C170|3|120050||1,00000|UN|93,00||0|000|1152||93,00|17,00|15,81|0||0||||||||||||||||||||
|C170|4|180770||1,00000|UN|692,56||0|000|1152||692,56|17,00|117,74|0||0||||||||||||||||||||
|C190|000|1152|17,00|1400,30|1400,30|238,05|0|0|0|0||
|C100|0|1|800008026|01|00|1|0009173||30112011|30112011|1260,17|0|||1260,17|9||||1260,17|214,23||||||||
|C170|1|300160||1,00000|UN|1260,17||0|000|1152||1260,17|17,00|214,23|0||0||||||||||||||||||||
|C190|000|1152|17,00|1260,17|1260,17|214,23|0|0|0|0||
|C100|1|0|800007243|01|00|U|0069897||28112011|28112011|398,00|0|||398,00|9||||0|0||||||||
|C170|1|060100||1,00000|UN|398,00||0|041|5949|||||0||0|||||||99||||||99|||||||
|C190|041|5949||398,00|0|0|0|0|0|0||
|C100|1|0|800007244|01|00|U|0069864||23112011|23112011|1221,00|0|||1221,00|9||||0|0||||||||
|C170|1|030760||1,00000|UN|1221,00||0|041|5949|||||0||0|||||||99||||||99|||||||
|C190|041|5949||1221,00|0|0|0|0|0|0||
|C100|1|0|100004613|01|00|U|0069791||08112011|08112011|378,00|0|||378,00|9||||0|0||||||||
|C170|1|180940||2,00000|UN|378,00||0|041|5949|||||0||0|||||||99||||||99|||||||
|C190|041|5949||378,00|0|0|0|0|0|0||
|C100|1|0|800007245|01|00|U|0069894||28112011|28112011|418,00|0|||418,00|9||||0|0||||||||
|C170|1|100210||1,00000|UN|379,00||0|041|5949|||||0||0|||||||99||||||99|||||||
|C170|2|650200||1,00000|UN|39,00||0|041|5949|||||0||0|||||||99||||||99|||||||
|C190|041|5949||418,00|0|0|0|0|0|0||
|C100|1|0|800007246|01|00|U|0069911||30112011|30112011|1600,00|0|||1600,00|9||||0|0||||||||
|C170|1|030940||1,00000|UN|1600,00||0|041|5949|||||0||0|||||||99||||||99|||||||
|C190|041|5949||1600,00|0|0|0|0|0|0||
|C100|1|0|12971|01|00|U|0069880||25112011|25112011|259,00|0|||259,00|9||||0|0||||||||
|C170|1|180270||1,00000|UN|259,00||0|041|5949|||||0||0|||||||99||||||99|||||||
|C190|041|5949||259,00|0|0|0|0|0|0||
|C100|1|0|800007247|01|00|U|0069789||08112011|08112011|4998,00|0|||4998,00|9||||0|0||||||||
|C170|1|030083||1,00000|UN|3099,00||0|041|5949|||||0||0|||||||99||||||99|||||||
|C170|2|030333||1,00000|UN|1899,00||0|041|5949|||||0||0|||||||99||||||99|||||||
|C190|041|5949||4998,00|0|0|0|0|0|0||
|C100|1|0|13075|01|00|U|0069905||29112011|29112011|3339,00|0|||3339,00|9||||0|0||||||||
|C170|1|030130||1,00000|UN|2040,00||0|041|5949|||||0||0|||||||99||||||99|||||||
|C170|2|031030||1,00000|UN|1299,00||0|041|5949|||||0||0|||||||99||||||99|||||||
|C190|041|5949||3339,00|0|0|0|0|0|0||
|C100|1|0|800007248|01|00|U|0069884||25112011|25112011|418,00|0|||418,00|9||||0|0||||||||
|C170|1|100210||1,00000|UN|379,00||0|041|5949|||||0||0|||||||99||||||99|||||||
|C170|2|901000||1,00000|UN|39,00||0|041|5949|||||0||0|||||||99||||||99|||||||
|C190|041|5949||418,00|0|0|0|0|0|0||
|C100|1|0|800007249|01|00|U|0069917||30112011|30112011|379,00|0|||379,00|9||||0|0||||||||
|C170|1|100210||1,00000|UN|379,00||0|041|5949|||||0||0|||||||99||||||99|||||||
|C190|041|5949||379,00|0|0|0|0|0|0||
|C100|1|0|800007250|01|00|U|0069862||22112011|22112011|800,00|0|||800,00|9||||0|0||||||||
|C170|1|060230||1,00000|UN|800,00||0|041|5949|||||0||0|||||||99||||||99|||||||
|C190|041|5949||800,00|0|0|0|0|0|0||
|C100|1|0|800008070|01|00|U|0069816||12112011|12112011|789,00|0|||789,00|9||||0|0||||||||
|C170|1|040133||1,00000|UN|789,00||0|041|5949|||||0||0|||||||99||||||99|||||||
|C190|041|5949||789,00|0|0|0|0|0|0||
|C100|1|0|800007252|01|00|U|0069891||26112011|26112011|4225,00|0|||4225,00|9||||0|0||||||||
|C170|1|030100||1,00000|UN|2976,00||0|041|5949|||||0||0|||||||99||||||99|||||||
|C170|2|950460||1,00000|UN|1249,00||0|041|5949|||||0||0|||||||99||||||99|||||||
|C190|041|5949||4225,00|0|0|0|0|0|0||
|C100|1|0|800008071|01|00|U|0069863||23112011|23112011|600,00|0|||600,00|9||||0|0||||||||
|C170|1|030760||1,00000|UN|600,00||0|041|5949|||||0||0|||||||99||||||99|||||||
|C190|041|5949||600,00|0|0|0|0|0|0||
|C100|1|0|800007254|01|00|U|0069839||17112011|17112011|1050,00|0|||1050,00|9||||0|0||||||||
|C170|1|051070||1,00000|UN|1050,00||0|041|5949|||||0||0|||||||99||||||99|||||||
|C190|041|5949||1050,00|0|0|0|0|0|0||
|C100|0|1|800006986|55|00|1|000675379|42111059105999003959550010006753791188601753|31102011|22112011|3418,10|1|||2972,26|1||||2972,26|208,06||||||||
|C170|1|030950||4,00000|PC|2085,80||0|000|2102||2085,80|7,00|146,01|0||0||||||||2398,67||||||2398,67||||||
|C170|2|030951||1,00000|PC|521,44||0|000|2102||521,44|7,00|36,50|0||0||||||||599,66||||||599,66||||||
|C170|3|030950||1,00000|PC|365,02||0|000|2102||365,02|7,00|25,55|0||0||||||||419,77||||||419,77||||||
|C190|000|2102|7,00|3418,10|2972,26|208,06|0|0|0|0||
|C100|0|1|800006986|55|00|1|000675380|42111059105999003959550010006753801086451680|31102011|22112011|5504,02|1|||4786,10|1||||4786,10|335,03||||||||
|C170|1|040183||10,00000|PC|4786,10||0|000|2102||4786,10|7,00|335,03|0||0||||||||5504,02||||||5504,02||||||
|C190|000|2102|7,00|5504,02|4786,10|335,03|0|0|0|0||
|C100|0|0|800006977|01|00|U|0069773||01112011|01112011|140,00|9|||140,00|9||||140,00|23,80||||||||
|C170|1|880260||1,00000|UN|35,00||0|000|1202||35,00|17,00|5,95|0||0|||||||50|35,00|0,65|||0,23|50|35,00|3,00|||1,05||
|C170|2|810891||1,00000|UN|8,00||0|000|1202||8,00|17,00|1,36|0||0|||||||50|8,00|0,65|||0,05|50|8,00|3,00|||0,24||
|C170|3|900215||1,00000|UN|8,00||0|000|1202||8,00|17,00|1,36|0||0|||||||50|8,00|0,65|||0,05|50|8,00|3,00|||0,24||
|C170|4|680360||1,00000|UN|89,00||0|000|1202||89,00|17,00|15,13|0||0|||||||50|89,00|0,65|||0,58|50|89,00|3,00|||2,67||
|C190|000|1202|17,00|140,00|140,00|23,80|0|0|0|0||
|C100|0|0|800006977|01|00|U|0069774||01112011|01112011|327,00|9|||327,00|9||||327,00|55,59||||||||
|C170|1|290340||1,00000|UN|69,00||0|000|1202||69,00|17,00|11,73|0||0|||||||50|69,00|0,65|||0,45|50|69,00|3,00|||2,07||
|C170|2|290300||1,00000|UN|139,00||0|000|1202||139,00|17,00|23,63|0||0|||||||50|139,00|0,65|||0,90|50|139,00|3,00|||4,17||
|C170|3|290290||1,00000|UN|119,00||0|000|1202||119,00|17,00|20,23|0||0|||||||50|119,00|0,65|||0,77|50|119,00|3,00|||3,57||
|C190|000|1202|17,00|327,00|327,00|55,59|0|0|0|0||
|C100|0|0|800006977|01|00|U|0069775||01112011|01112011|4406,00|9|||4406,00|9||||4406,00|749,02||||||||
|C170|1|100210||1,00000|UN|379,00||0|000|1202||379,00|17,00|64,43|0||0|||||||50|379,00|0,65|||2,46|50|379,00|3,00|||11,37||
|C170|2|901410||1,00000|UN|119,00||0|000|1202||119,00|17,00|20,23|0||0|||||||50|119,00|0,65|||0,77|50|119,00|3,00|||3,57||
|C170|3|031020||1,00000|UN|1549,00||0|000|1202||1549,00|17,00|263,33|0||0|||||||50|1549,00|0,65|||10,07|50|1549,00|3,00|||46,47||
|C170|4|812420||1,00000|UN|299,00||0|000|1202||299,00|17,00|50,83|0||0|||||||50|299,00|0,65|||1,94|50|299,00|3,00|||8,97||
|C170|5|180280||1,00000|UN|85,00||0|000|1202||85,00|17,00|14,45|0||0|||||||50|85,00|0,65|||0,55|50|85,00|3,00|||2,55||
|C170|6|200510||1,00000|UN|549,00||0|000|1202||549,00|17,00|93,33|0||0|||||||50|549,00|0,65|||3,57|50|549,00|3,00|||16,47||
|C170|7|903081||1,00000|UN|289,00||0|000|1202||289,00|17,00|49,13|0||0|||||||50|289,00|0,65|||1,88|50|289,00|3,00|||8,67||
|C170|8|100210||1,00000|UN|379,00||0|000|1202||379,00|17,00|64,43|0||0|||||||50|379,00|0,65|||2,46|50|379,00|3,00|||11,37||
|C170|9|180270||1,00000|UN|259,00||0|000|1202||259,00|17,00|44,03|0||0|||||||50|259,00|0,65|||1,68|50|259,00|3,00|||7,77||
|C170|10|200390||1,00000|UN|499,00||0|000|1202||499,00|17,00|84,83|0||0|||||||50|499,00|0,65|||3,24|50|499,00|3,00|||14,97||
|C190|000|1202|17,00|4406,00|4406,00|749,02|0|0|0|0||
|C100|0|0|800006977|01|00|U|0069886||01112011|01112011|2342,00|9|||2342,00|9||||2342,00|398,14||||||||
|C170|1|031240||1,00000|UN|289,00||0|000|1202||289,00|17,00|49,13|0||0|||||||50|289,00|0,65|||1,88|50|289,00|3,00|||8,67||
|C170|2|902511||1,00000|UN|79,00||0|000|1202||79,00|17,00|13,43|0||0|||||||50|79,00|0,65|||0,51|50|79,00|3,00|||2,37||
|C170|3|160140||1,00000|UN|179,00||0|000|1202||179,00|17,00|30,43|0||0|||||||50|179,00|0,65|||1,16|50|179,00|3,00|||5,37||
|C170|4|950141||1,00000|UN|189,00||0|000|1202||189,00|17,00|32,13|0||0|||||||50|189,00|0,65|||1,23|50|189,00|3,00|||5,67||
|C170|5|330130||1,00000|UN|219,00||0|000|1202||219,00|17,00|37,23|0||0|||||||50|219,00|0,65|||1,42|50|219,00|3,00|||6,57||
|C170|6|290033||1,00000|UN|179,00||0|000|1202||179,00|17,00|30,43|0||0|||||||50|179,00|0,65|||1,16|50|179,00|3,00|||5,37||
|C170|7|890550||1,00000|UN|199,00||0|000|1202||199,00|17,00|33,83|0||0|||||||50|199,00|0,65|||1,29|50|199,00|3,00|||5,97||
|C170|8|910781||1,00000|UN|69,00||0|000|1202||69,00|17,00|11,73|0||0|||||||50|69,00|0,65|||0,45|50|69,00|3,00|||2,07||
|C170|9|180760||1,00000|UN|665,00||0|000|1202||665,00|17,00|113,05|0||0|||||||50|665,00|0,65|||4,32|50|665,00|3,00|||19,95||
|C170|10|031260||1,00000|UN|275,00||0|000|1202||275,00|17,00|46,75|0||0|||||||50|275,00|0,65|||1,79|50|275,00|3,00|||8,25||
|C190|000|1202|17,00|2342,00|2342,00|398,14|0|0|0|0||
|C100|0|0|800006977|01|00|U|0069777||04112011|04112011|539,00|9|||539,00|9||||539,00|91,63||||||||
|C170|1|180550||1,00000|UN|539,00||0|000|1202||539,00|17,00|91,63|0||0|||||||50|539,00|0,65|||3,50|50|539,00|3,00|||16,17||
|C190|000|1202|17,00|539,00|539,00|91,63|0|0|0|0||
|C100|0|0|800006977|01|00|U|0069778||04112011|04112011|79,00|9|||79,00|9||||79,00|13,43||||||||
|C170|1|290220||1,00000|UN|79,00||0|000|1202||79,00|17,00|13,43|0||0|||||||50|79,00|0,65|||0,51|50|79,00|3,00|||2,37||
|C190|000|1202|17,00|79,00|79,00|13,43|0|0|0|0||
|C100|0|0|800006977|01|00|U|0069782||04112011|04112011|400,00|9|||400,00|9||||400,00|68,00||||||||
|C170|1|105060||1,00000|UN|250,00||0|000|1202||250,00|17,00|42,50|0||0|||||||50|250,00|0,65|||1,63|50|250,00|3,00|||7,50||
|C170|2|105060||1,00000|UN|150,00||0|000|1202||150,00|17,00|25,50|0||0|||||||50|150,00|0,65|||0,98|50|150,00|3,00|||4,50||
|C190|000|1202|17,00|400,00|400,00|68,00|0|0|0|0||
|C100|0|0|800006977|01|00|U|0069785||04112011|04112011|1599,00|9|||1599,00|9||||1599,00|271,83||||||||
|C170|1|030293||1,00000|UN|1599,00||0|000|1202||1599,00|17,00|271,83|0||0|||||||50|1599,00|0,65|||10,39|50|1599,00|3,00|||47,97||
|C190|000|1202|17,00|1599,00|1599,00|271,83|0|0|0|0||
|C100|0|0|800006977|01|00|U|0069790||04112011|04112011|1121,00|9|||1121,00|9||||1121,00|190,57||||||||
|C170|1|180270||1,00000|UN|259,00||0|000|1202||259,00|17,00|44,03|0||0|||||||50|259,00|0,65|||1,68|50|259,00|3,00|||7,77||
|C170|2|900872||1,00000|UN|99,00||0|000|1202||99,00|17,00|16,83|0||0|||||||50|99,00|0,65|||0,64|50|99,00|3,00|||2,97||
|C170|3|900872||1,00000|UN|69,00||0|000|1202||69,00|17,00|11,73|0||0|||||||50|69,00|0,65|||0,45|50|69,00|3,00|||2,07||
|C170|4|910783||1,00000|UN|69,00||0|000|1202||69,00|17,00|11,73|0||0|||||||50|69,00|0,65|||0,45|50|69,00|3,00|||2,07||
|C170|5|950143||1,00000|UN|139,00||0|000|1202||139,00|17,00|23,63|0||0|||||||50|139,00|0,65|||0,90|50|139,00|3,00|||4,17||
|C170|6|120030||1,00000|UN|99,00||0|000|1202||99,00|17,00|16,83|0||0|||||||50|99,00|0,65|||0,64|50|99,00|3,00|||2,97||
|C170|7|910960||1,00000|UN|59,00||0|000|1202||59,00|17,00|10,03|0||0|||||||50|59,00|0,65|||0,38|50|59,00|3,00|||1,77||
|C170|8|910340||1,00000|UN|169,00||0|000|1202||169,00|17,00|28,73|0||0|||||||50|169,00|0,65|||1,10|50|169,00|3,00|||5,07||
|C170|9|900071||1,00000|UN|159,00||0|000|1202||159,00|17,00|27,03|0||0|||||||50|159,00|0,65|||1,03|50|159,00|3,00|||4,77||
|C190|000|1202|17,00|1121,00|1121,00|190,57|0|0|0|0||
|C100|0|0|800006977|01|00|U|0069792||04112011|04112011|1693,00|9|||1693,00|9||||1693,00|287,81||||||||
|C170|1|180273||1,00000|UN|319,00||0|000|1202||319,00|17,00|54,23|0||0|||||||50|319,00|0,65|||2,07|50|319,00|3,00|||9,57||
|C170|2|680500||1,00000|UN|55,00||0|000|1202||55,00|17,00|9,35|0||0|||||||50|55,00|0,65|||0,36|50|55,00|3,00|||1,65||
|C170|3|502200||1,00000|UN|55,00||0|000|1202||55,00|17,00|9,35|0||0|||||||50|55,00|0,65|||0,36|50|55,00|3,00|||1,65||
|C170|4|120090||1,00000|UN|69,00||0|000|1202||69,00|17,00|11,73|0||0|||||||50|69,00|0,65|||0,45|50|69,00|3,00|||2,07||
|C170|5|702210||1,00000|UN|160,00||0|000|1202||160,00|17,00|27,20|0||0|||||||50|160,00|0,65|||1,04|50|160,00|3,00|||4,80||
|C170|6|200420||1,00000|UN|170,00||0|000|1202||170,00|17,00|28,90|0||0|||||||50|170,00|0,65|||1,11|50|170,00|3,00|||5,10||
|C170|7|910785||1,00000|UN|79,00||0|000|1202||79,00|17,00|13,43|0||0|||||||50|79,00|0,65|||0,51|50|79,00|3,00|||2,37||
|C170|8|813200||1,00000|UN|49,00||0|000|1202||49,00|17,00|8,33|0||0|||||||50|49,00|0,65|||0,32|50|49,00|3,00|||1,47||
|C170|9|180270||1,00000|UN|259,00||0|000|1202||259,00|17,00|44,03|0||0|||||||50|259,00|0,65|||1,68|50|259,00|3,00|||7,77||
|C170|10|950300||1,00000|UN|89,00||0|000|1202||89,00|17,00|15,13|0||0|||||||50|89,00|0,65|||0,58|50|89,00|3,00|||2,67||
|C170|11|910783||1,00000|UN|75,00||0|000|1202||75,00|17,00|12,75|0||0|||||||50|75,00|0,65|||0,49|50|75,00|3,00|||2,25||
|C170|12|330090||1,00000|UN|129,00||0|000|1202||129,00|17,00|21,93|0||0|||||||50|129,00|0,65|||0,84|50|129,00|3,00|||3,87||
|C170|13|120030||1,00000|UN|96,00||0|000|1202||96,00|17,00|16,32|0||0|||||||50|96,00|0,65|||0,62|50|96,00|3,00|||2,88||
|C170|14|950300||1,00000|UN|89,00||0|000|1202||89,00|17,00|15,13|0||0|||||||50|89,00|0,65|||0,58|50|89,00|3,00|||2,67||
|C190|000|1202|17,00|1693,00|1693,00|287,81|0|0|0|0||
|C100|0|0|800006977|01|00|U|0069800||09112011|09112011|1136,00|9|||1136,00|9||||1136,00|193,12||||||||
|C170|1|180243||1,00000|UN|549,00||0|000|1202||549,00|17,00|93,33|0||0|||||||50|549,00|0,65|||3,57|50|549,00|3,00|||16,47||
|C170|2|120030||1,00000|UN|99,00||0|000|1202||99,00|17,00|16,83|0||0|||||||50|99,00|0,65|||0,64|50|99,00|3,00|||2,97||
|C170|3|330250||1,00000|UN|109,00||0|000|1202||109,00|17,00|18,53|0||0|||||||50|109,00|0,65|||0,71|50|109,00|3,00|||3,27||
|C170|4|100210||1,00000|UN|379,00||0|000|1202||379,00|17,00|64,43|0||0|||||||50|379,00|0,65|||2,46|50|379,00|3,00|||11,37||
|C190|000|1202|17,00|1136,00|1136,00|193,12|0|0|0|0||
|C100|0|0|800006977|01|00|U|0069801||09112011|09112011|99,00|9|||99,00|9||||99,00|16,83||||||||
|C170|1|290270||1,00000|UN|99,00||0|000|1202||99,00|17,00|16,83|0||0|||||||50|99,00|0,65|||0,64|50|99,00|3,00|||2,97||
|C190|000|1202|17,00|99,00|99,00|16,83|0|0|0|0||
|C100|0|0|800006977|01|00|U|0069802||09112011|09112011|815,00|9|||815,00|9||||815,00|138,55||||||||
|C170|1|090240||1,00000|UN|69,00||0|000|1202||69,00|17,00|11,73|0||0|||||||50|69,00|0,65|||0,45|50|69,00|3,00|||2,07||
|C170|2|500050||1,00000|UN|59,00||0|000|1202||59,00|17,00|10,03|0||0|||||||50|59,00|0,65|||0,38|50|59,00|3,00|||1,77||
|C170|3|330050||1,00000|UN|59,00||0|000|1202||59,00|17,00|10,03|0||0|||||||50|59,00|0,65|||0,38|50|59,00|3,00|||1,77||
|C170|4|180273||1,00000|UN|309,00||0|000|1202||309,00|17,00|52,53|0||0|||||||50|309,00|0,65|||2,01|50|309,00|3,00|||9,27||
|C170|5|180253||1,00000|UN|319,00||0|000|1202||319,00|17,00|54,23|0||0|||||||50|319,00|0,65|||2,07|50|319,00|3,00|||9,57||
|C190|000|1202|17,00|815,00|815,00|138,55|0|0|0|0||
|C100|0|0|800006977|01|00|U|0069806||09112011|09112011|115,00|9|||115,00|9||||115,00|19,55||||||||
|C170|1|290280||1,00000|UN|115,00||0|000|1202||115,00|17,00|19,55|0||0|||||||50|115,00|0,65|||0,75|50|115,00|3,00|||3,45||
|C190|000|1202|17,00|115,00|115,00|19,55|0|0|0|0||
|C100|0|0|800006977|01|00|U|0069808||09112011|09112011|257,00|9|||257,00|9||||257,00|43,69||||||||
|C170|1|330050||1,00000|UN|59,00||0|000|1202||59,00|17,00|10,03|0||0|||||||50|59,00|0,65|||0,38|50|59,00|3,00|||1,77||
|C170|2|330250||1,00000|UN|109,00||0|000|1202||109,00|17,00|18,53|0||0|||||||50|109,00|0,65|||0,71|50|109,00|3,00|||3,27||
|C170|3|950300||1,00000|UN|89,00||0|000|1202||89,00|17,00|15,13|0||0|||||||50|89,00|0,65|||0,58|50|89,00|3,00|||2,67||
|C190|000|1202|17,00|257,00|257,00|43,69|0|0|0|0||
|C100|0|0|800006977|01|00|U|0069811||09112011|09112011|2140,00|9|||2140,00|9||||2140,00|363,80||||||||
|C170|1|030093||1,00000|UN|1044,00||0|000|1202||1044,00|17,00|177,48|0||0|||||||50|1044,00|0,65|||6,79|50|1044,00|3,00|||31,32||
|C170|2|031160||1,00000|UN|840,00||0|000|1202||840,00|17,00|142,80|0||0|||||||50|840,00|0,65|||5,46|50|840,00|3,00|||25,20||
|C170|3|030533||1,00000|UN|256,00||0|000|1202||256,00|17,00|43,52|0||0|||||||50|256,00|0,65|||1,66|50|256,00|3,00|||7,68||
|C190|000|1202|17,00|2140,00|2140,00|363,80|0|0|0|0||
|C100|0|0|800006977|01|00|U|0069812||11112011|11112011|69,00|9|||69,00|9||||69,00|11,73||||||||
|C170|1|910781||1,00000|UN|69,00||0|000|1202||69,00|17,00|11,73|0||0|||||||50|69,00|0,65|||0,45|50|69,00|3,00|||2,07||
|C190|000|1202|17,00|69,00|69,00|11,73|0|0|0|0||
|C100|0|0|800006977|01|00|U|0069814||11112011|11112011|49,00|9|||49,00|9||||49,00|8,33||||||||
|C170|1|910900||1,00000|UN|49,00||0|000|1202||49,00|17,00|8,33|0||0|||||||50|49,00|0,65|||0,32|50|49,00|3,00|||1,47||
|C190|000|1202|17,00|49,00|49,00|8,33|0|0|0|0||
|C100|0|0|800006977|01|00|U|0069818||12112011|12112011|246,00|9|||246,00|9||||246,00|41,82||||||||
|C170|1|290060||1,00000|UN|246,00||0|000|1202||246,00|17,00|41,82|0||0|||||||50|246,00|0,65|||1,60|50|246,00|3,00|||7,38||
|C190|000|1202|17,00|246,00|246,00|41,82|0|0|0|0||
|C100|0|0|800006977|01|00|U|0069819||12112011|12112011|1329,00|9|||1329,00|9||||1329,00|225,93||||||||
|C170|1|180880||1,00000|UN|1329,00||0|000|1202||1329,00|17,00|225,93|0||0|||||||50|1329,00|0,65|||8,64|50|1329,00|3,00|||39,87||
|C190|000|1202|17,00|1329,00|1329,00|225,93|0|0|0|0||
|C100|0|0|800006977|01|00|U|0069820||14112011|14112011|249,00|9|||249,00|9||||249,00|42,33||||||||
|C170|1|180270||1,00000|UN|249,00||0|000|1202||249,00|17,00|42,33|0||0|||||||50|249,00|0,65|||1,62|50|249,00|3,00|||7,47||
|C190|000|1202|17,00|249,00|249,00|42,33|0|0|0|0||
|C100|0|0|800006977|01|00|U|0069825||14112011|14112011|1645,00|9|||1645,00|9||||1645,00|279,65||||||||
|C170|1|330240||1,00000|UN|89,00||0|000|1202||89,00|17,00|15,13|0||0|||||||50|89,00|0,65|||0,58|50|89,00|3,00|||2,67||
|C170|2|040570||1,00000|UN|199,00||0|000|1202||199,00|17,00|33,83|0||0|||||||50|199,00|0,65|||1,29|50|199,00|3,00|||5,97||
|C170|3|150040||1,00000|UN|59,00||0|000|1202||59,00|17,00|10,03|0||0|||||||50|59,00|0,65|||0,38|50|59,00|3,00|||1,77||
|C170|4|030373||1,00000|UN|1199,00||0|000|1202||1199,00|17,00|203,83|0||0|||||||50|1199,00|0,65|||7,79|50|1199,00|3,00|||35,97||
|C170|5|901411||1,00000|UN|99,00||0|000|1202||99,00|17,00|16,83|0||0|||||||50|99,00|0,65|||0,64|50|99,00|3,00|||2,97||
|C190|000|1202|17,00|1645,00|1645,00|279,65|0|0|0|0||
|C100|0|0|800006977|01|00|U|0069827||16112011|16112011|1749,00|9|||1749,00|9||||1749,00|297,33||||||||
|C170|1|220283||1,00000|UN|1749,00||0|000|1202||1749,00|17,00|297,33|0||0|||||||50|1749,00|0,65|||11,37|50|1749,00|3,00|||52,47||
|C190|000|1202|17,00|1749,00|1749,00|297,33|0|0|0|0||
|C100|0|0|800006977|01|00|U|0069830||16112011|16112011|69,00|9|||69,00|9||||69,00|11,73||||||||
|C170|1|290190||1,00000|UN|69,00||0|000|1202||69,00|17,00|11,73|0||0|||||||50|69,00|0,65|||0,45|50|69,00|3,00|||2,07||
|C190|000|1202|17,00|69,00|69,00|11,73|0|0|0|0||
|C100|0|0|800006977|01|00|U|0069831||16112011|16112011|469,00|9|||469,00|9||||469,00|79,73||||||||
|C170|1|100160||1,00000|UN|469,00||0|000|1202||469,00|17,00|79,73|0||0|||||||50|469,00|0,65|||3,05|50|469,00|3,00|||14,07||
|C190|000|1202|17,00|469,00|469,00|79,73|0|0|0|0||
|C100|0|0|800006977|01|00|U|0069836||16112011|16112011|15,00|9|||15,00|9||||15,00|2,55||||||||
|C170|1|701420||1,00000|UN|15,00||0|000|1202||15,00|17,00|2,55|0||0|||||||50|15,00|0,65|||0,10|50|15,00|3,00|||0,45||
|C190|000|1202|17,00|15,00|15,00|2,55|0|0|0|0||
|C100|0|0|800006977|01|00|U|0069840||17112011|17112011|2375,00|9|||2375,00|9||||2375,00|403,75||||||||
|C170|1|030870||1,00000|UN|2375,00||0|000|1202||2375,00|17,00|403,75|0||0|||||||50|2375,00|0,65|||15,44|50|2375,00|3,00|||71,25||
|C190|000|1202|17,00|2375,00|2375,00|403,75|0|0|0|0||
|C100|0|0|800006977|01|00|U|0069841||17112011|17112011|752,00|9|||752,00|9||||752,00|127,84||||||||
|C170|1|180270||1,00000|UN|259,00||0|000|1202||259,00|17,00|44,03|0||0|||||||50|259,00|0,65|||1,68|50|259,00|3,00|||7,77||
|C170|2|100030||1,00000|UN|493,00||0|000|1202||493,00|17,00|83,81|0||0|||||||50|493,00|0,65|||3,20|50|493,00|3,00|||14,79||
|C190|000|1202|17,00|752,00|752,00|127,84|0|0|0|0||
|C100|0|0|800006977|01|00|U|0069842||19112011|19112011|299,00|9|||299,00|9||||299,00|50,83||||||||
|C170|1|903573||1,00000|UN|299,00||0|000|1202||299,00|17,00|50,83|0||0|||||||50|299,00|0,65|||1,94|50|299,00|3,00|||8,97||
|C190|000|1202|17,00|299,00|299,00|50,83|0|0|0|0||
|C100|0|0|800006977|01|00|U|0069845||21112011|21112011|199,00|9|||199,00|9||||199,00|33,83||||||||
|C170|1|890560||1,00000|UN|199,00||0|000|1202||199,00|17,00|33,83|0||0|||||||50|199,00|0,65|||1,29|50|199,00|3,00|||5,97||
|C190|000|1202|17,00|199,00|199,00|33,83|0|0|0|0||
|C100|0|0|800006977|01|00|U|0069846||21112011|21112011|369,00|9|||369,00|9||||369,00|62,73||||||||
|C170|1|901410||1,00000|UN|110,00||0|000|1202||110,00|17,00|18,70|0||0|||||||50|110,00|0,65|||0,72|50|110,00|3,00|||3,30||
|C170|2|180270||1,00000|UN|259,00||0|000|1202||259,00|17,00|44,03|0||0|||||||50|259,00|0,65|||1,68|50|259,00|3,00|||7,77||
|C190|000|1202|17,00|369,00|369,00|62,73|0|0|0|0||
|C100|0|0|800006977|01|00|U|0069852||21112011|21112011|409,00|9|||409,00|9||||409,00|69,53||||||||
|C170|1|040183||1,00000|UN|409,00||0|000|1202||409,00|17,00|69,53|0||0|||||||50|409,00|0,65|||2,66|50|409,00|3,00|||12,27||
|C190|000|1202|17,00|409,00|409,00|69,53|0|0|0|0||
|C100|0|0|800006977|01|00|U|0069793||08112011|08112011|1338,00|9|||1338,00|9||||1338,00|227,46||||||||
|C170|1|810560||1,00000|UN|29,00||0|000|1202||29,00|17,00|4,93|0||0|||||||50|29,00|0,65|||0,19|50|29,00|3,00|||0,87||
|C170|2|813160||1,00000|UN|49,00||0|000|1202||49,00|17,00|8,33|0||0|||||||50|49,00|0,65|||0,32|50|49,00|3,00|||1,47||
|C170|3|970370||1,00000|UN|45,00||0|000|1202||45,00|17,00|7,65|0||0|||||||50|45,00|0,65|||0,29|50|45,00|3,00|||1,35||
|C170|4|120130||1,00000|UN|49,00||0|000|1202||49,00|17,00|8,33|0||0|||||||50|49,00|0,65|||0,32|50|49,00|3,00|||1,47||
|C170|5|970370||1,00000|UN|45,00||0|000|1202||45,00|17,00|7,65|0||0|||||||50|45,00|0,65|||0,29|50|45,00|3,00|||1,35||
|C170|6|150310||1,00000|UN|99,00||0|000|1202||99,00|17,00|16,83|0||0|||||||50|99,00|0,65|||0,64|50|99,00|3,00|||2,97||
|C170|7|330010||1,00000|UN|119,00||0|000|1202||119,00|17,00|20,23|0||0|||||||50|119,00|0,65|||0,77|50|119,00|3,00|||3,57||
|C170|8|330240||1,00000|UN|89,00||0|000|1202||89,00|17,00|15,13|0||0|||||||50|89,00|0,65|||0,58|50|89,00|3,00|||2,67||
|C170|9|290340||1,00000|UN|69,00||0|000|1202||69,00|17,00|11,73|0||0|||||||50|69,00|0,65|||0,45|50|69,00|3,00|||2,07||
|C170|10|330050||1,00000|UN|59,00||0|000|1202||59,00|17,00|10,03|0||0|||||||50|59,00|0,65|||0,38|50|59,00|3,00|||1,77||
|C170|11|890360||1,00000|UN|149,00||0|000|1202||149,00|17,00|25,33|0||0|||||||50|149,00|0,65|||0,97|50|149,00|3,00|||4,47||
|C170|12|290190||1,00000|UN|55,00||0|000|1202||55,00|17,00|9,35|0||0|||||||50|55,00|0,65|||0,36|50|55,00|3,00|||1,65||
|C170|13|890530||1,00000|UN|259,00||0|000|1202||259,00|17,00|44,03|0||0|||||||50|259,00|0,65|||1,68|50|259,00|3,00|||7,77||
|C170|14|502190||1,00000|UN|65,00||0|000|1202||65,00|17,00|11,05|0||0|||||||50|65,00|0,65|||0,42|50|65,00|3,00|||1,95||
|C170|15|680640||1,00000|UN|89,00||0|000|1202||89,00|17,00|15,13|0||0|||||||50|89,00|0,65|||0,58|50|89,00|3,00|||2,67||
|C170|16|840431||1,00000|UN|69,00||0|000|1202||69,00|17,00|11,73|0||0|||||||50|69,00|0,65|||0,45|50|69,00|3,00|||2,07||
|C190|000|1202|17,00|1338,00|1338,00|227,46|0|0|0|0||
|C100|0|0|800006977|01|00|U|0069798||09112011|09112011|1318,00|9|||1318,00|9||||1318,00|224,06||||||||
|C170|1|180230||1,00000|UN|49,00||0|000|1202||49,00|17,00|8,33|0||0|||||||50|49,00|0,65|||0,32|50|49,00|3,00|||1,47||
|C170|2|812720||1,00000|UN|45,00||0|000|1202||45,00|17,00|7,65|0||0|||||||50|45,00|0,65|||0,29|50|45,00|3,00|||1,35||
|C170|3|890450||1,00000|UN|109,00||0|000|1202||109,00|17,00|18,53|0||0|||||||50|109,00|0,65|||0,71|50|109,00|3,00|||3,27||
|C170|4|101520||1,00000|UN|69,00||0|000|1202||69,00|17,00|11,73|0||0|||||||50|69,00|0,65|||0,45|50|69,00|3,00|||2,07||
|C170|5|105301||1,00000|UN|79,00||0|000|1202||79,00|17,00|13,43|0||0|||||||50|79,00|0,65|||0,51|50|79,00|3,00|||2,37||
|C170|6|330010||1,00000|UN|115,00||0|000|1202||115,00|17,00|19,55|0||0|||||||50|115,00|0,65|||0,75|50|115,00|3,00|||3,45||
|C170|7|902511||1,00000|UN|79,00||0|000|1202||79,00|17,00|13,43|0||0|||||||50|79,00|0,65|||0,51|50|79,00|3,00|||2,37||
|C170|8|890630||1,00000|UN|159,00||0|000|1202||159,00|17,00|27,03|0||0|||||||50|159,00|0,65|||1,03|50|159,00|3,00|||4,77||
|C170|9|910782||1,00000|UN|69,00||0|000|1202||69,00|17,00|11,73|0||0|||||||50|69,00|0,65|||0,45|50|69,00|3,00|||2,07||
|C170|10|890630||1,00000|UN|169,00||0|000|1202||169,00|17,00|28,73|0||0|||||||50|169,00|0,65|||1,10|50|169,00|3,00|||5,07||
|C170|11|330050||1,00000|UN|49,00||0|000|1202||49,00|17,00|8,33|0||0|||||||50|49,00|0,65|||0,32|50|49,00|3,00|||1,47||
|C170|12|901000||1,00000|UN|49,00||0|000|1202||49,00|17,00|8,33|0||0|||||||50|49,00|0,65|||0,32|50|49,00|3,00|||1,47||
|C170|13|290290||1,00000|UN|99,00||0|000|1202||99,00|17,00|16,83|0||0|||||||50|99,00|0,65|||0,64|50|99,00|3,00|||2,97||
|C170|14|040550||1,00000|UN|179,00||0|000|1202||179,00|17,00|30,43|0||0|||||||50|179,00|0,65|||1,16|50|179,00|3,00|||5,37||
|C190|000|1202|17,00|1318,00|1318,00|224,06|0|0|0|0||
|C100|0|0|800006977|01|00|U|0069799||09112011|09112011|1293,00|9|||1293,00|9||||1293,00|219,81||||||||
|C170|1|330240||1,00000|UN|79,00||0|000|1202||79,00|17,00|13,43|0||0|||||||50|79,00|0,65|||0,51|50|79,00|3,00|||2,37||
|C170|2|290220||1,00000|UN|89,00||0|000|1202||89,00|17,00|15,13|0||0|||||||50|89,00|0,65|||0,58|50|89,00|3,00|||2,67||
|C170|3|090240||1,00000|UN|69,00||0|000|1202||69,00|17,00|11,73|0||0|||||||50|69,00|0,65|||0,45|50|69,00|3,00|||2,07||
|C170|4|950300||1,00000|UN|99,00||0|000|1202||99,00|17,00|16,83|0||0|||||||50|99,00|0,65|||0,64|50|99,00|3,00|||2,97||
|C170|5|680700||1,00000|UN|29,00||0|000|1202||29,00|17,00|4,93|0||0|||||||50|29,00|0,65|||0,19|50|29,00|3,00|||0,87||
|C170|6|680990||1,00000|UN|25,00||0|000|1202||25,00|17,00|4,25|0||0|||||||50|25,00|0,65|||0,16|50|25,00|3,00|||0,75||
|C170|7|890630||1,00000|UN|169,00||0|000|1202||169,00|17,00|28,73|0||0|||||||50|169,00|0,65|||1,10|50|169,00|3,00|||5,07||
|C170|8|290290||1,00000|UN|119,00||0|000|1202||119,00|17,00|20,23|0||0|||||||50|119,00|0,65|||0,77|50|119,00|3,00|||3,57||
|C170|9|330240||1,00000|UN|89,00||0|000|1202||89,00|17,00|15,13|0||0|||||||50|89,00|0,65|||0,58|50|89,00|3,00|||2,67||
|C170|10|290300||1,00000|UN|129,00||0|000|1202||129,00|17,00|21,93|0||0|||||||50|129,00|0,65|||0,84|50|129,00|3,00|||3,87||
|C170|11|680280||1,00000|UN|50,00||0|000|1202||50,00|17,00|8,50|0||0|||||||50|50,00|0,65|||0,33|50|50,00|3,00|||1,50||
|C170|12|950310||1,00000|UN|119,00||0|000|1202||119,00|17,00|20,23|0||0|||||||50|119,00|0,65|||0,77|50|119,00|3,00|||3,57||
|C170|13|903080||1,00000|UN|149,00||0|000|1202||149,00|17,00|25,33|0||0|||||||50|149,00|0,65|||0,97|50|149,00|3,00|||4,47||
|C170|14|910783||1,00000|UN|79,00||0|000|1202||79,00|17,00|13,43|0||0|||||||50|79,00|0,65|||0,51|50|79,00|3,00|||2,37||
|C190|000|1202|17,00|1293,00|1293,00|219,81|0|0|0|0||
|C100|0|0|800006977|01|00|U|0069803||09112011|09112011|1994,00|9|||1994,00|9||||1994,00|338,98||||||||
|C170|1|180190||1,00000|UN|599,00||0|000|1202||599,00|17,00|101,83|0||0|||||||50|599,00|0,65|||3,89|50|599,00|3,00|||17,97||
|C170|2|330240||1,00000|UN|79,00||0|000|1202||79,00|17,00|13,43|0||0|||||||50|79,00|0,65|||0,51|50|79,00|3,00|||2,37||
|C170|3|290250||1,00000|UN|129,00||0|000|1202||129,00|17,00|21,93|0||0|||||||50|129,00|0,65|||0,84|50|129,00|3,00|||3,87||
|C170|4|330030||1,00000|UN|139,00||0|000|1202||139,00|17,00|23,63|0||0|||||||50|139,00|0,65|||0,90|50|139,00|3,00|||4,17||
|C170|5|902610||1,00000|UN|399,00||0|000|1202||399,00|17,00|67,83|0||0|||||||50|399,00|0,65|||2,59|50|399,00|3,00|||11,97||
|C170|6|200520||1,00000|UN|179,00||0|000|1202||179,00|17,00|30,43|0||0|||||||50|179,00|0,65|||1,16|50|179,00|3,00|||5,37||
|C170|7|330030||1,00000|UN|122,00||0|000|1202||122,00|17,00|20,74|0||0|||||||50|122,00|0,65|||0,79|50|122,00|3,00|||3,66||
|C170|8|330090||1,00000|UN|113,00||0|000|1202||113,00|17,00|19,21|0||0|||||||50|113,00|0,65|||0,73|50|113,00|3,00|||3,39||
|C170|9|290280||1,00000|UN|113,00||0|000|1202||113,00|17,00|19,21|0||0|||||||50|113,00|0,65|||0,73|50|113,00|3,00|||3,39||
|C170|10|290300||1,00000|UN|122,00||0|000|1202||122,00|17,00|20,74|0||0|||||||50|122,00|0,65|||0,79|50|122,00|3,00|||3,66||
|C190|000|1202|17,00|1994,00|1994,00|338,98|0|0|0|0||
|C100|0|0|800006977|01|00|U|0069804||09112011|09112011|4022,00|9|||4022,00|9||||4022,00|683,74||||||||
|C170|1|290300||1,00000|UN|139,00||0|000|1202||139,00|17,00|23,63|0||0|||||||50|139,00|0,65|||0,90|50|139,00|3,00|||4,17||
|C170|2|040423||1,00000|UN|739,00||0|000|1202||739,00|17,00|125,63|0||0|||||||50|739,00|0,65|||4,80|50|739,00|3,00|||22,17||
|C170|3|180260||1,00000|UN|299,00||0|000|1202||299,00|17,00|50,83|0||0|||||||50|299,00|0,65|||1,94|50|299,00|3,00|||8,97||
|C170|4|180770||1,00000|UN|1110,00||0|000|1202||1110,00|17,00|188,70|0||0|||||||50|1110,00|0,65|||7,22|50|1110,00|3,00|||33,30||
|C170|5|180380||1,00000|UN|499,00||0|000|1202||499,00|17,00|84,83|0||0|||||||50|499,00|0,65|||3,24|50|499,00|3,00|||14,97||
|C170|6|030960||1,00000|UN|799,00||0|000|1202||799,00|17,00|135,83|0||0|||||||50|799,00|0,65|||5,19|50|799,00|3,00|||23,97||
|C170|7|900071||1,00000|UN|154,00||0|000|1202||154,00|17,00|26,18|0||0|||||||50|154,00|0,65|||1,00|50|154,00|3,00|||4,62||
|C170|8|890630||1,00000|UN|154,00||0|000|1202||154,00|17,00|26,18|0||0|||||||50|154,00|0,65|||1,00|50|154,00|3,00|||4,62||
|C170|9|102301||1,00000|UN|129,00||0|000|1202||129,00|17,00|21,93|0||0|||||||50|129,00|0,65|||0,84|50|129,00|3,00|||3,87||
|C190|000|1202|17,00|4022,00|4022,00|683,74|0|0|0|0||
|C100|0|0|800006977|01|00|U|0069813||11112011|11112011|4743,00|9|||4743,00|9||||4743,00|806,31||||||||
|C170|1|100210||1,00000|UN|379,00||0|000|1202||379,00|17,00|64,43|0||0|||||||50|379,00|0,65|||2,46|50|379,00|3,00|||11,37||
|C170|2|040530||1,00000|UN|929,00||0|000|1202||929,00|17,00|157,93|0||0|||||||50|929,00|0,65|||6,04|50|929,00|3,00|||27,87||
|C170|3|031020||1,00000|UN|1549,00||0|000|1202||1549,00|17,00|263,33|0||0|||||||50|1549,00|0,65|||10,07|50|1549,00|3,00|||46,47||
|C170|4|950300||1,00000|UN|89,00||0|000|1202||89,00|17,00|15,13|0||0|||||||50|89,00|0,65|||0,58|50|89,00|3,00|||2,67||
|C170|5|900071||1,00000|UN|159,00||0|000|1202||159,00|17,00|27,03|0||0|||||||50|159,00|0,65|||1,03|50|159,00|3,00|||4,77||
|C170|6|902511||1,00000|UN|80,00||0|000|1202||80,00|17,00|13,60|0||0|||||||50|80,00|0,65|||0,52|50|80,00|3,00|||2,40||
|C170|7|120070||1,00000|UN|139,00||0|000|1202||139,00|17,00|23,63|0||0|||||||50|139,00|0,65|||0,90|50|139,00|3,00|||4,17||
|C170|8|502201||1,00000|UN|75,00||0|000|1202||75,00|17,00|12,75|0||0|||||||50|75,00|0,65|||0,49|50|75,00|3,00|||2,25||
|C170|9|902171||1,00000|UN|320,00||0|000|1202||320,00|17,00|54,40|0||0|||||||50|320,00|0,65|||2,08|50|320,00|3,00|||9,60||
|C170|10|903080||1,00000|UN|139,00||0|000|1202||139,00|17,00|23,63|0||0|||||||50|139,00|0,65|||0,90|50|139,00|3,00|||4,17||
|C170|11|330030||1,00000|UN|139,00||0|000|1202||139,00|17,00|23,63|0||0|||||||50|139,00|0,65|||0,90|50|139,00|3,00|||4,17||
|C170|12|290290||1,00000|UN|119,00||0|000|1202||119,00|17,00|20,23|0||0|||||||50|119,00|0,65|||0,77|50|119,00|3,00|||3,57||
|C170|13|890501||1,00000|UN|99,00||0|000|1202||99,00|17,00|16,83|0||0|||||||50|99,00|0,65|||0,64|50|99,00|3,00|||2,97||
|C170|14|290300||1,00000|UN|129,00||0|000|1202||129,00|17,00|21,93|0||0|||||||50|129,00|0,65|||0,84|50|129,00|3,00|||3,87||
|C170|15|040470||1,00000|UN|399,00||0|000|1202||399,00|17,00|67,83|0||0|||||||50|399,00|0,65|||2,59|50|399,00|3,00|||11,97||
|C190|000|1202|17,00|4743,00|4743,00|806,31|0|0|0|0||
|C100|0|0|800006977|01|00|U|0069822||14112011|14112011|2152,00|9|||2152,00|9||||2152,00|365,84||||||||
|C170|1|040470||1,00000|UN|399,00||0|000|1202||399,00|17,00|67,83|0||0|||||||50|399,00|0,65|||2,59|50|399,00|3,00|||11,97||
|C170|2|120090||1,00000|UN|69,00||0|000|1202||69,00|17,00|11,73|0||0|||||||50|69,00|0,65|||0,45|50|69,00|3,00|||2,07||
|C170|3|901411||1,00000|UN|99,00||0|000|1202||99,00|17,00|16,83|0||0|||||||50|99,00|0,65|||0,64|50|99,00|3,00|||2,97||
|C170|4|101520||1,00000|UN|69,00||0|000|1202||69,00|17,00|11,73|0||0|||||||50|69,00|0,65|||0,45|50|69,00|3,00|||2,07||
|C170|5|901130||1,00000|UN|85,00||0|000|1202||85,00|17,00|14,45|0||0|||||||50|85,00|0,65|||0,55|50|85,00|3,00|||2,55||
|C170|6|200520||1,00000|UN|179,00||0|000|1202||179,00|17,00|30,43|0||0|||||||50|179,00|0,65|||1,16|50|179,00|3,00|||5,37||
|C170|7|105300||1,00000|UN|60,00||0|000|1202||60,00|17,00|10,20|0||0|||||||50|60,00|0,65|||0,39|50|60,00|3,00|||1,80||
|C170|8|090240||1,00000|UN|69,00||0|000|1202||69,00|17,00|11,73|0||0|||||||50|69,00|0,65|||0,45|50|69,00|3,00|||2,07||
|C170|9|290220||1,00000|UN|89,00||0|000|1202||89,00|17,00|15,13|0||0|||||||50|89,00|0,65|||0,58|50|89,00|3,00|||2,67||
|C170|10|810730||1,00000|UN|49,00||0|000|1202||49,00|17,00|8,33|0||0|||||||50|49,00|0,65|||0,32|50|49,00|3,00|||1,47||
|C170|11|820750||1,00000|UN|69,00||0|000|1202||69,00|17,00|11,73|0||0|||||||50|69,00|0,65|||0,45|50|69,00|3,00|||2,07||
|C170|12|290350||1,00000|UN|159,00||0|000|1202||159,00|17,00|27,03|0||0|||||||50|159,00|0,65|||1,03|50|159,00|3,00|||4,77||
|C170|13|090240||1,00000|UN|59,00||0|000|1202||59,00|17,00|10,03|0||0|||||||50|59,00|0,65|||0,38|50|59,00|3,00|||1,77||
|C170|14|200520||1,00000|UN|179,00||0|000|1202||179,00|17,00|30,43|0||0|||||||50|179,00|0,65|||1,16|50|179,00|3,00|||5,37||
|C170|15|100030||1,00000|UN|519,00||0|000|1202||519,00|17,00|88,23|0||0|||||||50|519,00|0,65|||3,37|50|519,00|3,00|||15,57||
|C190|000|1202|17,00|2152,00|2152,00|365,84|0|0|0|0||
|C100|0|0|800006977|01|00|U|0069823||14112011|14112011|1682,00|9|||1682,00|9||||1682,00|285,94||||||||
|C170|1|902511||1,00000|UN|79,00||0|000|1202||79,00|17,00|13,43|0||0|||||||50|79,00|0,65|||0,51|50|79,00|3,00|||2,37||
|C170|2|760292||1,00000|UN|69,00||0|000|1202||69,00|17,00|11,73|0||0|||||||50|69,00|0,65|||0,45|50|69,00|3,00|||2,07||
|C170|3|900591||1,00000|UN|99,00||0|000|1202||99,00|17,00|16,83|0||0|||||||50|99,00|0,65|||0,64|50|99,00|3,00|||2,97||
|C170|4|660930||1,00000|UN|140,00||0|000|1202||140,00|17,00|23,80|0||0|||||||50|140,00|0,65|||0,91|50|140,00|3,00|||4,20||
|C170|5|180270||1,00000|UN|259,00||0|000|1202||259,00|17,00|44,03|0||0|||||||50|259,00|0,65|||1,68|50|259,00|3,00|||7,77||
|C170|6|040550||1,00000|UN|179,00||0|000|1202||179,00|17,00|30,43|0||0|||||||50|179,00|0,65|||1,16|50|179,00|3,00|||5,37||
|C170|7|680500||1,00000|UN|55,00||0|000|1202||55,00|17,00|9,35|0||0|||||||50|55,00|0,65|||0,36|50|55,00|3,00|||1,65||
|C170|8|500040||1,00000|UN|45,00||0|000|1202||45,00|17,00|7,65|0||0|||||||50|45,00|0,65|||0,29|50|45,00|3,00|||1,35||
|C170|9|902171||1,00000|UN|300,00||0|000|1202||300,00|17,00|51,00|0||0|||||||50|300,00|0,65|||1,95|50|300,00|3,00|||9,00||
|C170|10|520440||1,00000|UN|71,00||0|000|1202||71,00|17,00|12,07|0||0|||||||50|71,00|0,65|||0,46|50|71,00|3,00|||2,13||
|C170|11|500082||1,00000|UN|49,00||0|000|1202||49,00|17,00|8,33|0||0|||||||50|49,00|0,65|||0,32|50|49,00|3,00|||1,47||
|C170|12|500082||1,00000|UN|49,00||0|000|1202||49,00|17,00|8,33|0||0|||||||50|49,00|0,65|||0,32|50|49,00|3,00|||1,47||
|C170|13|900872||1,00000|UN|109,00||0|000|1202||109,00|17,00|18,53|0||0|||||||50|109,00|0,65|||0,71|50|109,00|3,00|||3,27||
|C170|14|290033||1,00000|UN|179,00||0|000|1202||179,00|17,00|30,43|0||0|||||||50|179,00|0,65|||1,16|50|179,00|3,00|||5,37||
|C190|000|1202|17,00|1682,00|1682,00|285,94|0|0|0|0||
|C100|0|0|800006977|01|00|U|0069824||14112011|14112011|3326,00|9|||3326,00|9||||3326,00|565,42||||||||
|C170|1|890550||1,00000|UN|199,00||0|000|1202||199,00|17,00|33,83|0||0|||||||50|199,00|0,65|||1,29|50|199,00|3,00|||5,97||
|C170|2|180270||1,00000|UN|250,00||0|000|1202||250,00|17,00|42,50|0||0|||||||50|250,00|0,65|||1,63|50|250,00|3,00|||7,50||
|C170|3|290340||1,00000|UN|59,00||0|000|1202||59,00|17,00|10,03|0||0|||||||50|59,00|0,65|||0,38|50|59,00|3,00|||1,77||
|C170|4|330250||1,00000|UN|99,00||0|000|1202||99,00|17,00|16,83|0||0|||||||50|99,00|0,65|||0,64|50|99,00|3,00|||2,97||
|C170|5|180190||1,00000|UN|599,00||0|000|1202||599,00|17,00|101,83|0||0|||||||50|599,00|0,65|||3,89|50|599,00|3,00|||17,97||
|C170|6|180550||1,00000|UN|539,00||0|000|1202||539,00|17,00|91,63|0||0|||||||50|539,00|0,65|||3,50|50|539,00|3,00|||16,17||
|C170|7|100210||1,00000|UN|379,00||0|000|1202||379,00|17,00|64,43|0||0|||||||50|379,00|0,65|||2,46|50|379,00|3,00|||11,37||
|C170|8|290260||1,00000|UN|49,00||0|000|1202||49,00|17,00|8,33|0||0|||||||50|49,00|0,65|||0,32|50|49,00|3,00|||1,47||
|C170|9|890560||1,00000|UN|239,00||0|000|1202||239,00|17,00|40,63|0||0|||||||50|239,00|0,65|||1,55|50|239,00|3,00|||7,17||
|C170|10|890501||1,00000|UN|109,00||0|000|1202||109,00|17,00|18,53|0||0|||||||50|109,00|0,65|||0,71|50|109,00|3,00|||3,27||
|C170|11|290220||1,00000|UN|89,00||0|000|1202||89,00|17,00|15,13|0||0|||||||50|89,00|0,65|||0,58|50|89,00|3,00|||2,67||
|C170|12|890630||1,00000|UN|159,00||0|000|1202||159,00|17,00|27,03|0||0|||||||50|159,00|0,65|||1,03|50|159,00|3,00|||4,77||
|C170|13|902511||1,00000|UN|79,00||0|000|1202||79,00|17,00|13,43|0||0|||||||50|79,00|0,65|||0,51|50|79,00|3,00|||2,37||
|C170|14|660292||1,00000|UN|59,00||0|000|1202||59,00|17,00|10,03|0||0|||||||50|59,00|0,65|||0,38|50|59,00|3,00|||1,77||
|C170|15|903573||1,00000|UN|300,00||0|000|1202||300,00|17,00|51,00|0||0|||||||50|300,00|0,65|||1,95|50|300,00|3,00|||9,00||
|C170|16|290290||1,00000|UN|119,00||0|000|1202||119,00|17,00|20,23|0||0|||||||50|119,00|0,65|||0,77|50|119,00|3,00|||3,57||
|C190|000|1202|17,00|3326,00|3326,00|565,42|0|0|0|0||
|C100|0|0|800006977|01|00|U|0069826||14112011|14112011|4082,00|9|||4082,00|9||||4082,00|693,94||||||||
|C170|1|040520||1,00000|UN|1059,00||0|000|1202||1059,00|17,00|180,03|0||0|||||||50|1059,00|0,65|||6,88|50|1059,00|3,00|||31,77||
|C170|2|180750||1,00000|UN|1999,00||0|000|1202||1999,00|17,00|339,83|0||0|||||||50|1999,00|0,65|||12,99|50|1999,00|3,00|||59,97||
|C170|3|290053||1,00000|UN|199,00||0|000|1202||199,00|17,00|33,83|0||0|||||||50|199,00|0,65|||1,29|50|199,00|3,00|||5,97||
|C170|4|040550||1,00000|UN|159,00||0|000|1202||159,00|17,00|27,03|0||0|||||||50|159,00|0,65|||1,03|50|159,00|3,00|||4,77||
|C170|5|120170||1,00000|UN|299,00||0|000|1202||299,00|17,00|50,83|0||0|||||||50|299,00|0,65|||1,94|50|299,00|3,00|||8,97||
|C170|6|890560||1,00000|UN|229,00||0|000|1202||229,00|17,00|38,93|0||0|||||||50|229,00|0,65|||1,49|50|229,00|3,00|||6,87||
|C170|7|910783||1,00000|UN|69,00||0|000|1202||69,00|17,00|11,73|0||0|||||||50|69,00|0,65|||0,45|50|69,00|3,00|||2,07||
|C170|8|910785||1,00000|UN|69,00||0|000|1202||69,00|17,00|11,73|0||0|||||||50|69,00|0,65|||0,45|50|69,00|3,00|||2,07||
|C190|000|1202|17,00|4082,00|4082,00|693,94|0|0|0|0||
|C100|0|0|800006977|01|00|U|0069832||16112011|16112011|1974,00|9|||1974,00|9||||1974,00|335,58||||||||
|C170|1|290220||1,00000|UN|89,00||0|000|1202||89,00|17,00|15,13|0||0|||||||50|89,00|0,65|||0,58|50|89,00|3,00|||2,67||
|C170|2|290340||1,00000|UN|59,00||0|000|1202||59,00|17,00|10,03|0||0|||||||50|59,00|0,65|||0,38|50|59,00|3,00|||1,77||
|C170|3|910785||1,00000|UN|69,00||0|000|1202||69,00|17,00|11,73|0||0|||||||50|69,00|0,65|||0,45|50|69,00|3,00|||2,07||
|C170|4|290340||1,00000|UN|69,00||0|000|1202||69,00|17,00|11,73|0||0|||||||50|69,00|0,65|||0,45|50|69,00|3,00|||2,07||
|C170|5|120090||1,00000|UN|69,00||0|000|1202||69,00|17,00|11,73|0||0|||||||50|69,00|0,65|||0,45|50|69,00|3,00|||2,07||
|C170|6|040550||1,00000|UN|179,00||0|000|1202||179,00|17,00|30,43|0||0|||||||50|179,00|0,65|||1,16|50|179,00|3,00|||5,37||
|C170|7|330050||1,00000|UN|49,00||0|000|1202||49,00|17,00|8,33|0||0|||||||50|49,00|0,65|||0,32|50|49,00|3,00|||1,47||
|C170|8|290340||1,00000|UN|69,00||0|000|1202||69,00|17,00|11,73|0||0|||||||50|69,00|0,65|||0,45|50|69,00|3,00|||2,07||
|C170|9|330240||1,00000|UN|79,00||0|000|1202||79,00|17,00|13,43|0||0|||||||50|79,00|0,65|||0,51|50|79,00|3,00|||2,37||
|C170|10|910783||1,00000|UN|69,00||0|000|1202||69,00|17,00|11,73|0||0|||||||50|69,00|0,65|||0,45|50|69,00|3,00|||2,07||
|C170|11|890360||1,00000|UN|149,00||0|000|1202||149,00|17,00|25,33|0||0|||||||50|149,00|0,65|||0,97|50|149,00|3,00|||4,47||
|C170|12|290280||1,00000|UN|119,00||0|000|1202||119,00|17,00|20,23|0||0|||||||50|119,00|0,65|||0,77|50|119,00|3,00|||3,57||
|C170|13|330090||1,00000|UN|129,00||0|000|1202||129,00|17,00|21,93|0||0|||||||50|129,00|0,65|||0,84|50|129,00|3,00|||3,87||
|C170|14|290250||1,00000|UN|129,00||0|000|1202||129,00|17,00|21,93|0||0|||||||50|129,00|0,65|||0,84|50|129,00|3,00|||3,87||
|C170|15|180380||1,00000|UN|499,00||0|000|1202||499,00|17,00|84,83|0||0|||||||50|499,00|0,65|||3,24|50|499,00|3,00|||14,97||
|C170|16|903080||1,00000|UN|149,00||0|000|1202||149,00|17,00|25,33|0||0|||||||50|149,00|0,65|||0,97|50|149,00|3,00|||4,47||
|C190|000|1202|17,00|1974,00|1974,00|335,58|0|0|0|0||
|C100|0|0|800006977|01|00|U|0069833||16112011|16112011|1732,00|9|||1732,00|9||||1732,00|294,44||||||||
|C170|1|740130||1,00000|UN|39,00||0|000|1202||39,00|17,00|6,63|0||0|||||||50|39,00|0,65|||0,25|50|39,00|3,00|||1,17||
|C170|2|910950||1,00000|UN|59,00||0|000|1202||59,00|17,00|10,03|0||0|||||||50|59,00|0,65|||0,38|50|59,00|3,00|||1,77||
|C170|3|900456||1,00000|UN|35,00||0|000|1202||35,00|17,00|5,95|0||0|||||||50|35,00|0,65|||0,23|50|35,00|3,00|||1,05||
|C170|4|180270||1,00000|UN|259,00||0|000|1202||259,00|17,00|44,03|0||0|||||||50|259,00|0,65|||1,68|50|259,00|3,00|||7,77||
|C170|5|910785||1,00000|UN|75,00||0|000|1202||75,00|17,00|12,75|0||0|||||||50|75,00|0,65|||0,49|50|75,00|3,00|||2,25||
|C170|6|901410||1,00000|UN|110,00||0|000|1202||110,00|17,00|18,70|0||0|||||||50|110,00|0,65|||0,72|50|110,00|3,00|||3,30||
|C170|7|950300||1,00000|UN|90,00||0|000|1202||90,00|17,00|15,30|0||0|||||||50|90,00|0,65|||0,59|50|90,00|3,00|||2,70||
|C170|8|180280||1,00000|UN|90,00||0|000|1202||90,00|17,00|15,30|0||0|||||||50|90,00|0,65|||0,59|50|90,00|3,00|||2,70||
|C170|9|180270||1,00000|UN|259,00||0|000|1202||259,00|17,00|44,03|0||0|||||||50|259,00|0,65|||1,68|50|259,00|3,00|||7,77||
|C170|10|090240||1,00000|UN|69,00||0|000|1202||69,00|17,00|11,73|0||0|||||||50|69,00|0,65|||0,45|50|69,00|3,00|||2,07||
|C170|11|330030||1,00000|UN|129,00||0|000|1202||129,00|17,00|21,93|0||0|||||||50|129,00|0,65|||0,84|50|129,00|3,00|||3,87||
|C170|12|903140||1,00000|UN|129,00||0|000|1202||129,00|17,00|21,93|0||0|||||||50|129,00|0,65|||0,84|50|129,00|3,00|||3,87||
|C170|13|890500||1,00000|UN|100,00||0|000|1202||100,00|17,00|17,00|0||0|||||||50|100,00|0,65|||0,65|50|100,00|3,00|||3,00||
|C170|14|180270||1,00000|UN|289,00||0|000|1202||289,00|17,00|49,13|0||0|||||||50|289,00|0,65|||1,88|50|289,00|3,00|||8,67||
|C190|000|1202|17,00|1732,00|1732,00|294,44|0|0|0|0||
|C100|0|0|800006977|01|00|U|0069834||16112011|16112011|1600,00|9|||1600,00|9||||1600,00|272,00||||||||
|C170|1|330250||1,00000|UN|109,00||0|000|1202||109,00|17,00|18,53|0||0|||||||50|109,00|0,65|||0,71|50|109,00|3,00|||3,27||
|C170|2|290290||1,00000|UN|119,00||0|000|1202||119,00|17,00|20,23|0||0|||||||50|119,00|0,65|||0,77|50|119,00|3,00|||3,57||
|C170|3|330210||1,00000|UN|79,00||0|000|1202||79,00|17,00|13,43|0||0|||||||50|79,00|0,65|||0,51|50|79,00|3,00|||2,37||
|C170|4|901290||1,00000|UN|39,00||0|000|1202||39,00|17,00|6,63|0||0|||||||50|39,00|0,65|||0,25|50|39,00|3,00|||1,17||
|C170|5|330250||1,00000|UN|99,00||0|000|1202||99,00|17,00|16,83|0||0|||||||50|99,00|0,65|||0,64|50|99,00|3,00|||2,97||
|C170|6|290250||1,00000|UN|119,00||0|000|1202||119,00|17,00|20,23|0||0|||||||50|119,00|0,65|||0,77|50|119,00|3,00|||3,57||
|C170|7|950310||1,00000|UN|139,00||0|000|1202||139,00|17,00|23,63|0||0|||||||50|139,00|0,65|||0,90|50|139,00|3,00|||4,17||
|C170|8|910781||1,00000|UN|79,00||0|000|1202||79,00|17,00|13,43|0||0|||||||50|79,00|0,65|||0,51|50|79,00|3,00|||2,37||
|C170|9|813550||1,00000|UN|39,00||0|000|1202||39,00|17,00|6,63|0||0|||||||50|39,00|0,65|||0,25|50|39,00|3,00|||1,17||
|C170|10|810831||1,00000|UN|45,00||0|000|1202||45,00|17,00|7,65|0||0|||||||50|45,00|0,65|||0,29|50|45,00|3,00|||1,35||
|C170|11|330240||1,00000|UN|89,00||0|000|1202||89,00|17,00|15,13|0||0|||||||50|89,00|0,65|||0,58|50|89,00|3,00|||2,67||
|C170|12|290300||1,00000|UN|129,00||0|000|1202||129,00|17,00|21,93|0||0|||||||50|129,00|0,65|||0,84|50|129,00|3,00|||3,87||
|C170|13|150420||1,00000|UN|109,00||0|000|1202||109,00|17,00|18,53|0||0|||||||50|109,00|0,65|||0,71|50|109,00|3,00|||3,27||
|C170|14|040570||1,00000|UN|199,00||0|000|1202||199,00|17,00|33,83|0||0|||||||50|199,00|0,65|||1,29|50|199,00|3,00|||5,97||
|C170|15|180320||1,00000|UN|49,00||0|000|1202||49,00|17,00|8,33|0||0|||||||50|49,00|0,65|||0,32|50|49,00|3,00|||1,47||
|C170|16|900071||1,00000|UN|159,00||0|000|1202||159,00|17,00|27,03|0||0|||||||50|159,00|0,65|||1,03|50|159,00|3,00|||4,77||
|C190|000|1202|17,00|1600,00|1600,00|272,00|0|0|0|0||
|C100|0|0|800006977|01|00|U|0069835||16112011|16112011|1637,00|9|||1637,00|9||||1548,00|263,16||||||||
|C170|1|200370||1,00000|UN|329,00||0|000|1202||329,00|17,00|55,93|0||0|||||||50|329,00|0,65|||2,14|50|329,00|3,00|||9,87||
|C170|2|902630||1,00000|UN|45,00||0|000|1202||45,00|17,00|7,65|0||0|||||||50|45,00|0,65|||0,29|50|45,00|3,00|||1,35||
|C170|3|910783||1,00000|UN|79,00||0|000|1202||79,00|17,00|13,43|0||0|||||||50|79,00|0,65|||0,51|50|79,00|3,00|||2,37||
|C170|4|890501||1,00000|UN|100,00||0|000|1202||100,00|17,00|17,00|0||0|||||||50|100,00|0,65|||0,65|50|100,00|3,00|||3,00||
|C170|5|290300||1,00000|UN|139,00||0|000|1202||139,00|17,00|23,63|0||0|||||||50|139,00|0,65|||0,90|50|139,00|3,00|||4,17||
|C170|6|330210||1,00000|UN|69,00||0|000|1202||69,00|17,00|11,73|0||0|||||||50|69,00|0,65|||0,45|50|69,00|3,00|||2,07||
|C170|7|290280||1,00000|UN|119,00||0|000|1202||119,00|17,00|20,23|0||0|||||||50|119,00|0,65|||0,77|50|119,00|3,00|||3,57||
|C170|8|180243||1,00000|UN|530,00||0|000|1202||530,00|17,00|90,10|0||0|||||||50|530,00|0,65|||3,45|50|530,00|3,00|||15,90||
|C170|9|290340||1,00000|UN|59,00||0|000|1202||59,00|17,00|10,03|0||0|||||||50|59,00|0,65|||0,38|50|59,00|3,00|||1,77||
|C170|10|710280||1,00000|UN|89,00||0|041|1202|||||0||0|||||||50|89,00|0,65|||0,58|50|89,00|3,00|||2,67||
|C170|11|910782||1,00000|UN|79,00||0|000|1202||79,00|17,00|13,43|0||0|||||||50|79,00|0,65|||0,51|50|79,00|3,00|||2,37||
|C190|000|1202|17,00|1548,00|1548,00|263,16|0|0|0|0||
|C190|041|1202||89,00|0|0|0|0|0|0||
|C100|0|0|800006977|01|00|U|0069854||22112011|22112011|1494,00|9|||1494,00|9||||1494,00|253,98||||||||
|C170|1|890501||1,00000|UN|99,00||0|000|1202||99,00|17,00|16,83|0||0|||||||50|99,00|0,65|||0,64|50|99,00|3,00|||2,97||
|C170|2|680940||1,00000|UN|55,00||0|000|1202||55,00|17,00|9,35|0||0|||||||50|55,00|0,65|||0,36|50|55,00|3,00|||1,65||
|C170|3|180270||1,00000|UN|259,00||0|000|1202||259,00|17,00|44,03|0||0|||||||50|259,00|0,65|||1,68|50|259,00|3,00|||7,77||
|C170|4|050600||1,00000|UN|679,00||0|000|1202||679,00|17,00|115,43|0||0|||||||50|679,00|0,65|||4,41|50|679,00|3,00|||20,37||
|C170|5|290060||1,00000|UN|259,00||0|000|1202||259,00|17,00|44,03|0||0|||||||50|259,00|0,65|||1,68|50|259,00|3,00|||7,77||
|C170|6|330250||1,00000|UN|94,00||0|000|1202||94,00|17,00|15,98|0||0|||||||50|94,00|0,65|||0,61|50|94,00|3,00|||2,82||
|C170|7|120130||1,00000|UN|49,00||0|000|1202||49,00|17,00|8,33|0||0|||||||50|49,00|0,65|||0,32|50|49,00|3,00|||1,47||
|C190|000|1202|17,00|1494,00|1494,00|253,98|0|0|0|0||
|C100|0|0|800006977|01|00|U|0069855||22112011|22112011|407,00|9|||407,00|9||||407,00|69,19||||||||
|C170|1|103240||1,00000|UN|39,00||0|000|1202||39,00|17,00|6,63|0||0|||||||50|39,00|0,65|||0,25|50|39,00|3,00|||1,17||
|C170|2|120090||1,00000|UN|69,00||0|000|1202||69,00|17,00|11,73|0||0|||||||50|69,00|0,65|||0,45|50|69,00|3,00|||2,07||
|C170|3|812420||1,00000|UN|299,00||0|000|1202||299,00|17,00|50,83|0||0|||||||50|299,00|0,65|||1,94|50|299,00|3,00|||8,97||
|C190|000|1202|17,00|407,00|407,00|69,19|0|0|0|0||
|C100|0|0|800006977|01|00|U|0069856||22112011|22112011|835,00|9|||835,00|9||||835,00|141,95||||||||
|C170|1|890550||1,00000|UN|199,00||0|000|1202||199,00|17,00|33,83|0||0|||||||50|199,00|0,65|||1,29|50|199,00|3,00|||5,97||
|C170|2|330090||1,00000|UN|139,00||0|000|1202||139,00|17,00|23,63|0||0|||||||50|139,00|0,65|||0,90|50|139,00|3,00|||4,17||
|C170|3|521170||1,00000|UN|220,00||0|000|1202||220,00|17,00|37,40|0||0|||||||50|220,00|0,65|||1,43|50|220,00|3,00|||6,60||
|C170|4|090240||1,00000|UN|59,00||0|000|1202||59,00|17,00|10,03|0||0|||||||50|59,00|0,65|||0,38|50|59,00|3,00|||1,77||
|C170|5|105301||1,00000|UN|79,00||0|000|1202||79,00|17,00|13,43|0||0|||||||50|79,00|0,65|||0,51|50|79,00|3,00|||2,37||
|C170|6|330030||1,00000|UN|139,00||0|000|1202||139,00|17,00|23,63|0||0|||||||50|139,00|0,65|||0,90|50|139,00|3,00|||4,17||
|C190|000|1202|17,00|835,00|835,00|141,95|0|0|0|0||
|C100|0|0|800006977|01|00|U|0069858||22112011|22112011|887,00|9|||887,00|9||||887,00|150,79||||||||
|C170|1|900071||1,00000|UN|159,00||0|000|1202||159,00|17,00|27,03|0||0|||||||50|159,00|0,65|||1,03|50|159,00|3,00|||4,77||
|C170|2|100210||1,00000|UN|379,00||0|000|1202||379,00|17,00|64,43|0||0|||||||50|379,00|0,65|||2,46|50|379,00|3,00|||11,37||
|C170|3|890370||1,00000|UN|349,00||0|000|1202||349,00|17,00|59,33|0||0|||||||50|349,00|0,65|||2,27|50|349,00|3,00|||10,47||
|C190|000|1202|17,00|887,00|887,00|150,79|0|0|0|0||
|C100|0|0|800006977|01|00|U|0069859||22112011|22112011|1941,00|9|||1941,00|9||||1941,00|329,97||||||||
|C170|1|330090||1,00000|UN|119,00||0|000|1202||119,00|17,00|20,23|0||0|||||||50|119,00|0,65|||0,77|50|119,00|3,00|||3,57||
|C170|2|120030||1,00000|UN|99,00||0|000|1202||99,00|17,00|16,83|0||0|||||||50|99,00|0,65|||0,64|50|99,00|3,00|||2,97||
|C170|3|680930||1,00000|UN|129,00||0|000|1202||129,00|17,00|21,93|0||0|||||||50|129,00|0,65|||0,84|50|129,00|3,00|||3,87||
|C170|4|180190||1,00000|UN|599,00||0|000|1202||599,00|17,00|101,83|0||0|||||||50|599,00|0,65|||3,89|50|599,00|3,00|||17,97||
|C170|5|330030||1,00000|UN|129,00||0|000|1202||129,00|17,00|21,93|0||0|||||||50|129,00|0,65|||0,84|50|129,00|3,00|||3,87||
|C170|6|290340||1,00000|UN|59,00||0|000|1202||59,00|17,00|10,03|0||0|||||||50|59,00|0,65|||0,38|50|59,00|3,00|||1,77||
|C170|7|890500||1,00000|UN|99,00||0|000|1202||99,00|17,00|16,83|0||0|||||||50|99,00|0,65|||0,64|50|99,00|3,00|||2,97||
|C170|8|532170||1,00000|UN|40,00||0|000|1202||40,00|17,00|6,80|0||0|||||||50|40,00|0,65|||0,26|50|40,00|3,00|||1,20||
|C170|9|180190||1,00000|UN|599,00||0|000|1202||599,00|17,00|101,83|0||0|||||||50|599,00|0,65|||3,89|50|599,00|3,00|||17,97||
|C170|10|680940||1,00000|UN|69,00||0|000|1202||69,00|17,00|11,73|0||0|||||||50|69,00|0,65|||0,45|50|69,00|3,00|||2,07||
|C190|000|1202|17,00|1941,00|1941,00|329,97|0|0|0|0||
|C100|0|0|800006977|01|00|U|0069861||22112011|22112011|1924,00|9|||1924,00|9||||1924,00|327,08||||||||
|C170|1|120170||1,00000|UN|299,00||0|000|1202||299,00|17,00|50,83|0||0|||||||50|299,00|0,65|||1,94|50|299,00|3,00|||8,97||
|C170|2|890550||1,00000|UN|229,00||0|000|1202||229,00|17,00|38,93|0||0|||||||50|229,00|0,65|||1,49|50|229,00|3,00|||6,87||
|C170|3|903081||1,00000|UN|255,00||0|000|1202||255,00|17,00|43,35|0||0|||||||50|255,00|0,65|||1,66|50|255,00|3,00|||7,65||
|C170|4|890550||1,00000|UN|199,00||0|000|1202||199,00|17,00|33,83|0||0|||||||50|199,00|0,65|||1,29|50|199,00|3,00|||5,97||
|C170|5|890560||1,00000|UN|220,00||0|000|1202||220,00|17,00|37,40|0||0|||||||50|220,00|0,65|||1,43|50|220,00|3,00|||6,60||
|C170|6|890501||1,00000|UN|99,00||0|000|1202||99,00|17,00|16,83|0||0|||||||50|99,00|0,65|||0,64|50|99,00|3,00|||2,97||
|C170|7|903081||1,00000|UN|260,00||0|000|1202||260,00|17,00|44,20|0||0|||||||50|260,00|0,65|||1,69|50|260,00|3,00|||7,80||
|C170|8|890560||1,00000|UN|215,00||0|000|1202||215,00|17,00|36,55|0||0|||||||50|215,00|0,65|||1,40|50|215,00|3,00|||6,45||
|C170|9|150040||1,00000|UN|59,00||0|000|1202||59,00|17,00|10,03|0||0|||||||50|59,00|0,65|||0,38|50|59,00|3,00|||1,77||
|C170|10|290270||1,00000|UN|89,00||0|000|1202||89,00|17,00|15,13|0||0|||||||50|89,00|0,65|||0,58|50|89,00|3,00|||2,67||
|C190|000|1202|17,00|1924,00|1924,00|327,08|0|0|0|0||
|C100|0|0|800006977|01|00|U|0069865||23112011|23112011|1999,00|9|||1999,00|9||||1999,00|339,83||||||||
|C170|1|031050||1,00000|UN|1999,00||0|000|1202||1999,00|17,00|339,83|0||0|||||||50|1999,00|0,65|||12,99|50|1999,00|3,00|||59,97||
|C190|000|1202|17,00|1999,00|1999,00|339,83|0|0|0|0||
|C100|0|0|800006977|01|00|U|0069868||23112011|23112011|2273,00|9|||2273,00|9||||2273,00|386,41||||||||
|C170|1|900431||1,00000|UN|22,00||0|000|1202||22,00|17,00|3,74|0||0|||||||50|22,00|0,65|||0,14|50|22,00|3,00|||0,66||
|C170|2|950300||1,00000|UN|99,00||0|000|1202||99,00|17,00|16,83|0||0|||||||50|99,00|0,65|||0,64|50|99,00|3,00|||2,97||
|C170|3|903080||1,00000|UN|149,00||0|000|1202||149,00|17,00|25,33|0||0|||||||50|149,00|0,65|||0,97|50|149,00|3,00|||4,47||
|C170|4|330090||1,00000|UN|129,00||0|000|1202||129,00|17,00|21,93|0||0|||||||50|129,00|0,65|||0,84|50|129,00|3,00|||3,87||
|C170|5|910783||1,00000|UN|79,00||0|000|1202||79,00|17,00|13,43|0||0|||||||50|79,00|0,65|||0,51|50|79,00|3,00|||2,37||
|C170|6|970120||1,00000|UN|149,00||0|000|1202||149,00|17,00|25,33|0||0|||||||50|149,00|0,65|||0,97|50|149,00|3,00|||4,47||
|C170|7|900872||1,00000|UN|109,00||0|000|1202||109,00|17,00|18,53|0||0|||||||50|109,00|0,65|||0,71|50|109,00|3,00|||3,27||
|C170|8|330130||1,00000|UN|229,00||0|000|1202||229,00|17,00|38,93|0||0|||||||50|229,00|0,65|||1,49|50|229,00|3,00|||6,87||
|C170|9|950141||1,00000|UN|189,00||0|000|1202||189,00|17,00|32,13|0||0|||||||50|189,00|0,65|||1,23|50|189,00|3,00|||5,67||
|C170|10|910783||1,00000|UN|69,00||0|000|1202||69,00|17,00|11,73|0||0|||||||50|69,00|0,65|||0,45|50|69,00|3,00|||2,07||
|C170|11|290290||1,00000|UN|119,00||0|000|1202||119,00|17,00|20,23|0||0|||||||50|119,00|0,65|||0,77|50|119,00|3,00|||3,57||
|C170|12|910781||1,00000|UN|75,00||0|000|1202||75,00|17,00|12,75|0||0|||||||50|75,00|0,65|||0,49|50|75,00|3,00|||2,25||
|C170|13|910782||1,00000|UN|69,00||0|000|1202||69,00|17,00|11,73|0||0|||||||50|69,00|0,65|||0,45|50|69,00|3,00|||2,07||
|C170|14|040470||1,00000|UN|379,00||0|000|1202||379,00|17,00|64,43|0||0|||||||50|379,00|0,65|||2,46|50|379,00|3,00|||11,37||
|C170|15|200530||1,00000|UN|179,00||0|000|1202||179,00|17,00|30,43|0||0|||||||50|179,00|0,65|||1,16|50|179,00|3,00|||5,37||
|C170|16|890550||1,00000|UN|229,00||0|000|1202||229,00|17,00|38,93|0||0|||||||50|229,00|0,65|||1,49|50|229,00|3,00|||6,87||
|C190|000|1202|17,00|2273,00|2273,00|386,41|0|0|0|0||
|C100|0|0|800006977|01|00|U|0069869||23112011|23112011|233,00|9|||233,00|9||||233,00|39,61||||||||
|C170|1|840160||1,00000|UN|42,00||0|000|1202||42,00|17,00|7,14|0||0|||||||50|42,00|0,65|||0,27|50|42,00|3,00|||1,26||
|C170|2|680501||1,00000|UN|33,00||0|000|1202||33,00|17,00|5,61|0||0|||||||50|33,00|0,65|||0,21|50|33,00|3,00|||0,99||
|C170|3|910784||1,00000|UN|69,00||0|000|1202||69,00|17,00|11,73|0||0|||||||50|69,00|0,65|||0,45|50|69,00|3,00|||2,07||
|C170|4|950300||1,00000|UN|89,00||0|000|1202||89,00|17,00|15,13|0||0|||||||50|89,00|0,65|||0,58|50|89,00|3,00|||2,67||
|C190|000|1202|17,00|233,00|233,00|39,61|0|0|0|0||
|C100|0|0|800006977|01|00|U|0069871||23112011|23112011|1675,00|9|||1674,00|9|1,00|||1675,00|284,75||||||||
|C170|1|330010||1,00000|UN|114,00||0|000|1202||114,00|17,00|19,38|0||0|||||||50|114,00|0,65|||0,74|50|114,00|3,00|||3,42||
|C170|2|200360||1,00000|UN|219,00||0|000|1202||219,00|17,00|37,23|0||0|||||||50|219,00|0,65|||1,42|50|219,00|3,00|||6,57||
|C170|3|501330||1,00000|UN|199,00||0|000|1202||199,00|17,00|33,83|0||0|||||||50|199,00|0,65|||1,29|50|199,00|3,00|||5,97||
|C170|4|120050||1,00000|UN|159,00||0|000|1202||159,00|17,00|27,03|0||0|||||||50|159,00|0,65|||1,03|50|159,00|3,00|||4,77||
|C170|5|950310||1,00000|UN|130,00||0|000|1202||130,00|17,00|22,10|0||0|||||||50|130,00|0,65|||0,85|50|130,00|3,00|||3,90||
|C170|6|910782||1,00000|UN|69,00||0|000|1202||69,00|17,00|11,73|0||0|||||||50|69,00|0,65|||0,45|50|69,00|3,00|||2,07||
|C170|7|910781||1,00000|UN|69,00||0|000|1202||69,00|17,00|11,73|0||0|||||||50|69,00|0,65|||0,45|50|69,00|3,00|||2,07||
|C170|8|330090||1,00000|UN|129,00||0|000|1202||129,00|17,00|21,93|0||0|||||||50|129,00|0,65|||0,84|50|129,00|3,00|||3,87||
|C170|9|902431||1,00000|UN|269,00||0|000|1202||270,00|17,00|45,90|0||0|||||||50|270,00|0,65|||1,76|50|270,00|3,00|||8,10||
|C170|10|330240||1,00000|UN|79,00||0|000|1202||79,00|17,00|13,43|0||0|||||||50|79,00|0,65|||0,51|50|79,00|3,00|||2,37||
|C170|11|290290||1,00000|UN|119,00||0|000|1202||119,00|17,00|20,23|0||0|||||||50|119,00|0,65|||0,77|50|119,00|3,00|||3,57||
|C170|12|290290||1,00000|UN|119,00||0|000|1202||119,00|17,00|20,23|0||0|||||||50|119,00|0,65|||0,77|50|119,00|3,00|||3,57||
|C190|000|1202|17,00|1675,00|1675,00|284,75|0|0|0|0||
|C100|0|0|800006977|01|00|U|0069873||24112011|24112011|109,00|9|||109,00|9||||109,00|18,53||||||||
|C170|1|120020||1,00000|UN|109,00||0|000|1202||109,00|17,00|18,53|0||0|||||||50|109,00|0,65|||0,71|50|109,00|3,00|||3,27||
|C190|000|1202|17,00|109,00|109,00|18,53|0|0|0|0||
|C100|0|0|800006977|01|00|U|0069875||24112011|24112011|204,00|9|||204,00|9||||204,00|34,68||||||||
|C170|1|150420||1,00000|UN|99,00||0|000|1202||99,00|17,00|16,83|0||0|||||||50|99,00|0,65|||0,64|50|99,00|3,00|||2,97||
|C170|2|330020||1,00000|UN|105,00||0|000|1202||105,00|17,00|17,85|0||0|||||||50|105,00|0,65|||0,68|50|105,00|3,00|||3,15||
|C190|000|1202|17,00|204,00|204,00|34,68|0|0|0|0||
|C100|0|0|800006977|01|00|U|0069877||24112011|24112011|399,00|9|||399,00|9||||399,00|67,83||||||||
|C170|1|200400||1,00000|UN|399,00||0|000|1202||399,00|17,00|67,83|0||0|||||||50|399,00|0,65|||2,59|50|399,00|3,00|||11,97||
|C190|000|1202|17,00|399,00|399,00|67,83|0|0|0|0||
|C100|0|0|800006977|01|00|U|0069881||25112011|25112011|290,00|9|||290,00|9||||290,00|49,30||||||||
|C170|1|031110||1,00000|UN|290,00||0|000|1202||290,00|17,00|49,30|0||0|||||||50|290,00|0,65|||1,89|50|290,00|3,00|||8,70||
|C190|000|1202|17,00|290,00|290,00|49,30|0|0|0|0||
|C100|0|0|800006977|01|00|U|0069883||25112011|25112011|466,00|9|||466,00|9||||466,00|79,22||||||||
|C170|1|290220||1,00000|UN|79,00||0|000|1202||79,00|17,00|13,43|0||0|||||||50|79,00|0,65|||0,51|50|79,00|3,00|||2,37||
|C170|2|090240||1,00000|UN|59,00||0|000|1202||59,00|17,00|10,03|0||0|||||||50|59,00|0,65|||0,38|50|59,00|3,00|||1,77||
|C170|3|180270||1,00000|UN|259,00||0|000|1202||259,00|17,00|44,03|0||0|||||||50|259,00|0,65|||1,68|50|259,00|3,00|||7,77||
|C170|4|290340||1,00000|UN|69,00||0|000|1202||69,00|17,00|11,73|0||0|||||||50|69,00|0,65|||0,45|50|69,00|3,00|||2,07||
|C190|000|1202|17,00|466,00|466,00|79,22|0|0|0|0||
|C100|0|0|800006977|01|00|U|0069889||26112011|26112011|318,00|9|||318,00|9||||318,00|54,06||||||||
|C170|1|950310||1,00000|UN|119,00||0|000|1202||119,00|17,00|20,23|0||0|||||||50|119,00|0,65|||0,77|50|119,00|3,00|||3,57||
|C170|2|040570||1,00000|UN|199,00||0|000|1202||199,00|17,00|33,83|0||0|||||||50|199,00|0,65|||1,29|50|199,00|3,00|||5,97||
|C190|000|1202|17,00|318,00|318,00|54,06|0|0|0|0||
|C100|0|0|800006977|01|00|U|0069890||26112011|26112011|1615,00|9|||1615,00|9||||1615,00|274,55||||||||
|C170|1|100210||1,00000|UN|379,00||0|000|1202||379,00|17,00|64,43|0||0|||||||50|379,00|0,65|||2,46|50|379,00|3,00|||11,37||
|C170|2|030433||1,00000|UN|799,00||0|000|1202||799,00|17,00|135,83|0||0|||||||50|799,00|0,65|||5,19|50|799,00|3,00|||23,97||
|C170|3|160140||1,00000|UN|189,00||0|000|1202||189,00|17,00|32,13|0||0|||||||50|189,00|0,65|||1,23|50|189,00|3,00|||5,67||
|C170|4|090240||1,00000|UN|69,00||0|000|1202||69,00|17,00|11,73|0||0|||||||50|69,00|0,65|||0,45|50|69,00|3,00|||2,07||
|C170|5|090280||1,00000|UN|179,00||0|000|1202||179,00|17,00|30,43|0||0|||||||50|179,00|0,65|||1,16|50|179,00|3,00|||5,37||
|C190|000|1202|17,00|1615,00|1615,00|274,55|0|0|0|0||
|C100|0|0|800006977|01|00|U|0069892||26112011|26112011|148,00|9|||148,00|9||||148,00|25,16||||||||
|C170|1|290340||1,00000|UN|69,00||0|000|1202||69,00|17,00|11,73|0||0|||||||50|69,00|0,65|||0,45|50|69,00|3,00|||2,07||
|C170|2|910785||1,00000|UN|79,00||0|000|1202||79,00|17,00|13,43|0||0|||||||50|79,00|0,65|||0,51|50|79,00|3,00|||2,37||
|C190|000|1202|17,00|148,00|148,00|25,16|0|0|0|0||
|C100|0|0|800006977|01|00|U|0069893||26112011|26112011|407,00|9|||407,00|9||||407,00|69,19||||||||
|C170|1|040440||1,00000|UN|407,00||0|000|1202||407,00|17,00|69,19|0||0|||||||50|407,00|0,65|||2,65|50|407,00|3,00|||12,21||
|C190|000|1202|17,00|407,00|407,00|69,19|0|0|0|0||
|C100|0|0|800006977|01|00|U|0069896||28112011|28112011|377,00|9|||377,00|9||||377,00|64,09||||||||
|C170|1|120020||1,00000|UN|109,00||0|000|1202||109,00|17,00|18,53|0||0|||||||50|109,00|0,65|||0,71|50|109,00|3,00|||3,27||
|C170|2|290300||1,00000|UN|129,00||0|000|1202||129,00|17,00|21,93|0||0|||||||50|129,00|0,65|||0,84|50|129,00|3,00|||3,87||
|C170|3|330090||1,00000|UN|139,00||0|000|1202||139,00|17,00|23,63|0||0|||||||50|139,00|0,65|||0,90|50|139,00|3,00|||4,17||
|C190|000|1202|17,00|377,00|377,00|64,09|0|0|0|0||
|C100|0|0|800006977|01|00|U|0069900||28112011|28112011|19,00|9|||19,00|9||||19,00|3,23||||||||
|C170|1|901542||1,00000|UN|19,00||0|000|1202||19,00|17,00|3,23|0||0|||||||50|19,00|0,65|||0,12|50|19,00|3,00|||0,57||
|C190|000|1202|17,00|19,00|19,00|3,23|0|0|0|0||
|C100|0|0|800006977|01|00|U|0069903||28112011|28112011|824,00|9|||824,00|9||||824,00|140,08||||||||
|C170|1|200530||1,00000|UN|179,00||0|000|1202||179,00|17,00|30,43|0||0|||||||50|179,00|0,65|||1,16|50|179,00|3,00|||5,37||
|C170|2|120020||1,00000|UN|109,00||0|000|1202||109,00|17,00|18,53|0||0|||||||50|109,00|0,65|||0,71|50|109,00|3,00|||3,27||
|C170|3|090240||1,00000|UN|69,00||0|000|1202||69,00|17,00|11,73|0||0|||||||50|69,00|0,65|||0,45|50|69,00|3,00|||2,07||
|C170|4|290250||1,00000|UN|129,00||0|000|1202||129,00|17,00|21,93|0||0|||||||50|129,00|0,65|||0,84|50|129,00|3,00|||3,87||
|C170|5|890550||1,00000|UN|200,00||0|000|1202||200,00|17,00|34,00|0||0|||||||50|200,00|0,65|||1,30|50|200,00|3,00|||6,00||
|C170|6|290220||1,00000|UN|79,00||0|000|1202||79,00|17,00|13,43|0||0|||||||50|79,00|0,65|||0,51|50|79,00|3,00|||2,37||
|C170|7|500140||1,00000|UN|59,00||0|000|1202||59,00|17,00|10,03|0||0|||||||50|59,00|0,65|||0,38|50|59,00|3,00|||1,77||
|C190|000|1202|17,00|824,00|824,00|140,08|0|0|0|0||
|C100|0|0|800006977|01|00|U|0069904||29112011|29112011|1228,00|9|||1228,00|9||||1228,00|208,76||||||||
|C170|1|050600||1,00000|UN|679,00||0|000|1202||679,00|17,00|115,43|0||0|||||||50|679,00|0,65|||4,41|50|679,00|3,00|||20,37||
|C170|2|180243||1,00000|UN|549,00||0|000|1202||549,00|17,00|93,33|0||0|||||||50|549,00|0,65|||3,57|50|549,00|3,00|||16,47||
|C190|000|1202|17,00|1228,00|1228,00|208,76|0|0|0|0||
|C100|0|0|800006977|01|00|U|0069908||29112011|29112011|2837,00|9|||2837,00|9||||2837,00|482,29||||||||
|C170|1|220560||1,00000|UN|1693,00||0|000|1202||1693,00|17,00|287,81|0||0|||||||50|1693,00|0,65|||11,00|50|1693,00|3,00|||50,79||
|C170|2|030820||1,00000|UN|1144,00||0|000|1202||1144,00|17,00|194,48|0||0|||||||50|1144,00|0,65|||7,44|50|1144,00|3,00|||34,32||
|C190|000|1202|17,00|2837,00|2837,00|482,29|0|0|0|0||
|C100|0|0|800006977|01|00|U|0069909||29112011|29112011|1080,00|9|||1080,00|9||||1080,00|183,60||||||||
|C170|1|030033||1,00000|UN|1080,00||0|000|1202||1080,00|17,00|183,60|0||0|||||||50|1080,00|0,65|||7,02|50|1080,00|3,00|||32,40||
|C190|000|1202|17,00|1080,00|1080,00|183,60|0|0|0|0||
|C100|0|0|800006977|01|00|U|0069913||30112011|30112011|1270,00|9|||1270,00|9||||1270,00|215,90||||||||
|C170|1|051320||1,00000|UN|1003,00||0|000|1202||1003,00|17,00|170,51|0||0|||||||50|1003,00|0,65|||6,52|50|1003,00|3,00|||30,09||
|C170|2|050840||1,00000|UN|267,00||0|000|1202||267,00|17,00|45,39|0||0|||||||50|267,00|0,65|||1,74|50|267,00|3,00|||8,01||
|C190|000|1202|17,00|1270,00|1270,00|215,90|0|0|0|0||
|C100|0|0|800006977|01|00|U|0069916||30112011|30112011|499,00|9|||499,00|9||||499,00|84,83||||||||
|C170|1|902111||1,00000|UN|499,00||0|000|1202||499,00|17,00|84,83|0||0|||||||50|499,00|0,65|||3,24|50|499,00|3,00|||14,97||
|C190|000|1202|17,00|499,00|499,00|84,83|0|0|0|0||
|C100|0|1|800006983|55|00|1|000049849|26111159105999006036550010000498491347098989|16112011|22112011|24733,32|1|||20611,10|1||||20611,10|2473,33||||||||
|C170|1|030373||20,00000|PC|13056,20||0|000|2102||13056,20|12,00|1566,74|0||0||||||||||||||||||||
|C170|2|030393||10,00000|PC|7554,90||0|000|2102||7554,90|12,00|906,59|0||0||||||||||||||||||||
|C190|000|2102|12,00|24733,32|20611,10|2473,33|0|0|0|0||
|C100|0|1|800008028|55|00|1|000454266|35111159105999000348550010004542661416055133|25112011|30112011|4762,93|1|||4579,74|1||||4579,74|320,58||||||||
|C170|1|031030||6,00000|PC|4579,74||0|000|2102||4579,74|7,00|320,58|0||0||||||||4762,93||||||4762,93||||||
|C190|000|2102|7,00|4762,93|4579,74|320,58|0|0|0|0||
|C100|0|1|800008028|55|00|1|000448045|35111159105999000348550010004480451476316662|16112011|20112011|11032,67|1|||10022,80|1||||10022,80|701,60||||||||
|C170|1|030900||5,00000|PC|1782,05||0|000|2102||1782,05|7,00|124,74|0||0||||||||1853,33||||||1853,33||||||
|C170|2|030910||5,00000|PC|2704,75||0|000|2102||2704,75|7,00|189,33|0||0||||||||2812,94||||||2812,94||||||
|C170|3|031120||3,00000|PC|1373,52||0|000|2102||1373,52|7,00|96,15|0||0||||||||1579,55||||||1579,55||||||
|C170|4|031130||7,00000|PC|4162,48||0|000|2102||4162,48|7,00|291,37|0||0||||||||4786,85||||||4786,85||||||
|C190|000|2102|7,00|11032,67|10022,80|701,60|0|0|0|0||
|C100|0|1|800008028|55|00|1|000448044|35111159105999000348550010004480441062175544|16112011|23112011|17059,51|1|||15643,60|1||||15643,60|1095,05||||||||
|C170|1|030403||5,00000|PC|3508,95||0|000|2102||3508,95|7,00|245,63|0||0||||||||3649,31||||||3649,31||||||
|C170|2|031073||5,00000|PC|4951,45||0|000|2102||4951,45|7,00|346,60|0||0||||||||5149,51||||||5149,51||||||
|C170|3|030543||5,00000|PC|1858,50||0|000|2102||1858,50|7,00|130,09|0||0||||||||2137,28||||||2137,28||||||
|C170|4|030553||10,00000|PC|5324,70||0|000|2102||5324,70|7,00|372,73|0||0||||||||6123,41||||||6123,41||||||
|C190|000|2102|7,00|17059,51|15643,60|1095,05|0|0|0|0||
|C100|0|1|800008028|55|00|1|000448043|35111159105999000348550010004480431319580139|16112011|23112011|14399,96|1|||13041,65|1||||13041,65|912,92||||||||
|C170|1|030333||5,00000|PC|4708,15||0|000|2102||4708,15|7,00|329,57|0||0||||||||5649,78||||||5649,78||||||
|C170|2|031190||14,00000|PC|8333,50||0|000|2102||8333,50|7,00|583,35|0||0||||||||8750,18||||||8750,18||||||
|C190|000|2102|7,00|14399,96|13041,65|912,92|0|0|0|0||
|C100|0|1|800008028|55|00|1|000448042|35111159105999000348550010004480421113078856|16112011|23112011|7309,43|1|||7028,30|1||||7028,30|491,98||||||||
|C170|1|030760||10,00000|PC|7028,30||0|000|2102||7028,30|7,00|491,98|0||0||||||||7309,43||||||7309,43||||||
|C190|000|2102|7,00|7309,43|7028,30|491,98|0|0|0|0||
|C100|0|1|800006986|55|00|1|000687196|42111159105999003959550010006871961952709555|16112011|30112011|3172,41|1|||2758,62|1||||2758,62|193,10||||||||
|C170|1|030133||3,00000|PC|2758,62||0|000|2102||2758,62|7,00|193,10|0||0||||||||3172,41||||||3172,41||||||
|C190|000|2102|7,00|3172,41|2758,62|193,10|0|0|0|0||
|C100|0|1|800006986|55|00|1|000687194|42111159105999003959550010006871941553296970|16112011|30112011|4132,24|1|||3593,25|1||||3593,25|251,53||||||||
|C170|1|030033||3,00000|PC|3593,25||0|000|2102||3593,25|7,00|251,53|0||0||||||||4132,24||||||4132,24||||||
|C190|000|2102|7,00|4132,24|3593,25|251,53|0|0|0|0||
|C100|0|1|800006986|55|00|1|000687192|42111159105999003959550010006871921177626595|16112011|30112011|16071,66|1|||13975,35|1||||13975,35|978,27||||||||
|C170|1|030123||5,00000|PC|8722,25||0|000|2102||8722,25|7,00|610,56|0||0||||||||10030,59||||||10030,59||||||
|C170|2|030130||5,00000|PC|5253,10||0|000|2102||5253,10|7,00|367,72|0||0||||||||6041,07||||||6041,07||||||
|C190|000|2102|7,00|16071,66|13975,35|978,27|0|0|0|0||
|C100|0|1|800006986|55|00|1|000686080|42111159105999003959550010006860801428661220|14112011|28112011|4595,17|1|||3995,80|1||||3995,80|279,71||||||||
|C170|1|040223||5,00000|PC|3995,80||0|000|2102||3995,80|7,00|279,71|0||0||||||||4595,17||||||4595,17||||||
|C190|000|2102|7,00|4595,17|3995,80|279,71|0|0|0|0||
|C100|0|1|800006986|55|00|1|000686069|42111159105999003959550010006860691523827486|14112011|28112011|31236,45|1|||27250,65|1||||27250,65|1907,55||||||||
|C170|1|040133||15,00000|PC|6238,80||0|000|2102||6238,80|7,00|436,72|0||0||||||||7174,62||||||7174,62||||||
|C170|2|040183||5,00000|PC|2393,05||0|000|2102||2393,05|7,00|167,51|0||0||||||||2752,01||||||2752,01||||||
|C170|3|040570||20,00000|PC|2036,20||0|000|2102||2036,20|7,00|142,53|0||0||||||||2239,82||||||2239,82||||||
|C170|4|030950||5,00000|PC|2607,25||0|000|2102||2607,25|7,00|182,51|0||0||||||||2998,34||||||2998,34||||||
|C170|5|030123||5,00000|PC|8722,25||0|000|2102||8722,25|7,00|610,56|0||0||||||||10030,59||||||10030,59||||||
|C170|6|030130||5,00000|PC|5253,10||0|000|2102||5253,10|7,00|367,72|0||0||||||||6041,07||||||6041,07||||||
|C190|000|2102|7,00|31236,45|27250,65|1907,55|0|0|0|0||
|C100|0|1|800006986|55|00|1|000686071|42111159105999003959550010006860711772752658|14112011|28112011|9158,72|1|||7964,10|1||||7964,10|557,49||||||||
|C170|1|040173||15,00000|PC|7964,10||0|000|2102||7964,10|7,00|557,49|0||0||||||||9158,72||||||9158,72||||||
|C190|000|2102|7,00|9158,72|7964,10|557,49|0|0|0|0||
|C100|0|1|800006986|55|00|1|000686073|42111159105999003959550010006860731841865163|14112011|28112011|13726,41|1|||11936,00|1||||11936,00|835,52||||||||
|C170|1|040440||15,00000|PC|3441,30||0|000|2102||3441,30|7,00|240,89|0||0||||||||3957,50||||||3957,50||||||
|C170|2|030970||10,00000|PC|8494,70||0|000|2102||8494,70|7,00|594,63|0||0||||||||9768,91||||||9768,91||||||
|C190|000|2102|7,00|13726,41|11936,00|835,52|0|0|0|0||
|C100|0|1|800006986|55|00|1|000686074|42111159105999003959550010006860741367057291|14112011|28112011|10579,69|1|||9199,73|1||||9199,73|643,98||||||||
|C170|1|030133||2,00000|PC|1839,08||0|000|2102||1839,08|7,00|128,74|0||0||||||||2114,94||||||2114,94||||||
|C170|2|030030||5,00000|PC|7360,65||0|000|2102||7360,65|7,00|515,25|0||0||||||||8464,75||||||8464,75||||||
|C190|000|2102|7,00|10579,69|9199,73|643,98|0|0|0|0||
|C100|0|1|800006986|55|00|1|000686077|42111159105999003959550010006860771267426955|14112011|28112011|2928,00|1|||2440,00|1||||2440,00|170,80||||||||
|C170|1|030283||10,00000|PC|2440,00||0|000|2102||2440,00|7,00|170,80|0||0||||||||2928,00||||||2928,00||||||
|C190|000|2102|7,00|2928,00|2440,00|170,80|0|0|0|0||
|C100|0|1|800008028|55|00|1|000438693|35111059105999000348550010004386931107584952|29102011|08112011|1457,03|1|||1387,64|1||||1387,64|97,13||||||||
|C170|1|030660||6,00000|PC|1125,12||0|000|2102||1125,12|7,00|78,76|0||0||||||||1181,38||||||1181,38||||||
|C170|2|030660||2,00000|PC|262,52||0|000|2102||262,52|7,00|18,38|0||0||||||||275,65||||||275,65||||||
|C190|000|2102|7,00|1457,03|1387,64|97,13|0|0|0|0||
|C100|0|1|800007076|55|00|1|000005946|35111164095946000161550010000059461253335797|08112011|30112011|2981,11|1|||2677,61|1||||2677,61|187,43||||||||
|C170|1|840771||2,00000|UN|46,64||0|000|2102||46,64|7,00|3,26|0||0||||||||51,30||||||51,30||||||
|C170|2|840774||2,00000|PC|48,88||0|000|2102||48,88|7,00|3,42|0||0||||||||53,77||||||53,77||||||
|C170|3|840775||2,00000|PC|39,96||0|000|2102||39,96|7,00|2,80|0||0||||||||43,96||||||43,96||||||
|C170|4|00085004||2,00000|PC|39,78||0|000|2102||39,78|7,00|2,78|0||0||||||||39,78||||||39,78||||||
|C170|5|840924||4,00000|PC|182,80||0|000|2102||182,80|7,00|12,80|0||0||||||||182,80||||||182,80||||||
|C170|6|840321||2,00000|PC|31,70||0|000|2102||31,70|7,00|2,22|0||0||||||||31,70||||||31,70||||||
|C170|7|00062007||2,00000|PC|33,04||0|000|2102||33,04|7,00|2,31|0||0||||||||33,04||||||33,04||||||
|C170|8|00032170||4,00000|PC|89,28||0|000|2102||89,28|7,00|6,25|0||0||||||||102,67||||||102,67||||||
|C170|9|840831||4,00000|PC|120,32||0|000|2102||120,32|7,00|8,42|0||0||||||||138,37||||||138,37||||||
|C170|10|840840||4,00000|PC|93,04||0|000|2102||93,04|7,00|6,51|0||0||||||||107,00||||||107,00||||||
|C170|11|840432||4,00000|PC|104,88||0|000|2102||104,88|7,00|7,34|0||0||||||||120,61||||||120,61||||||
|C170|12|840742||6,00000|UN|30,36||0|000|2102||30,36|7,00|2,13|0||0||||||||34,91||||||34,91||||||
|C170|13|841083||4,00000|PC|88,80||0|000|2102||88,80|7,00|6,22|0||0||||||||102,12||||||102,12||||||
|C170|14|840433||3,00000|PC|87,99||0|000|2102||87,99|7,00|6,16|0||0||||||||101,19||||||101,19||||||
|C170|15|00040123||4,00000|PC|46,00||0|000|2102||46,00|7,00|3,22|0||0||||||||52,90||||||52,90||||||
|C170|16|841111||4,00000|PC|67,56||0|000|2102||67,56|7,00|4,73|0||0||||||||77,69||||||77,69||||||
|C170|17|841112||4,00000|PC|93,56||0|000|2102||93,56|7,00|6,55|0||0||||||||107,59||||||107,59||||||
|C170|18|841113||4,00000|PC|138,80||0|000|2102||138,80|7,00|9,72|0||0||||||||159,62||||||159,62||||||
|C170|19|840981||2,00000|UN|100,60||0|000|2102||100,60|7,00|7,04|0||0||||||||115,69||||||115,69||||||
|C170|20|841104||6,00000|PC|50,64||0|000|2102||50,64|7,00|3,54|0||0||||||||58,24||||||58,24||||||
|C170|21|840921||4,00000|CJ|84,72||0|000|2102||84,72|7,00|5,93|0||0||||||||97,43||||||97,43||||||
|C170|22|840922||4,00000|CJ|54,68||0|000|2102||54,68|7,00|3,83|0||0||||||||62,88||||||62,88||||||
|C170|23|840923||6,00000|UN|37,98||0|000|2102||37,98|7,00|2,66|0||0||||||||43,68||||||43,68||||||
|C170|24|840991||4,00000|PC|81,84||0|000|2102||81,84|7,00|5,73|0||0||||||||90,02||||||90,02||||||
|C170|25|840993||2,00000|CJ|145,18||0|000|2102||145,18|7,00|10,16|0||0||||||||159,70||||||159,70||||||
|C170|26|00074107||4,00000|PC|120,16||0|000|2102||120,16|7,00|8,41|0||0||||||||132,18||||||132,18||||||
|C170|27|00074132||4,00000|UN|102,08||0|000|2102||102,08|7,00|7,15|0||0||||||||112,29||||||112,29||||||
|C170|28|00074133||4,00000|PC|108,40||0|000|2102||108,40|7,00|7,59|0||0||||||||119,24||||||119,24||||||
|C170|29|00074134||3,00000|PC|81,30||0|000|2102||81,30|7,00|5,69|0||0||||||||89,43||||||89,43||||||
|C170|30|00074135||4,00000|PC|122,48||0|000|2102||122,48|7,00|8,57|0||0||||||||134,73||||||134,73||||||
|C170|31|00074136||4,00000|PC|122,48||0|000|2102||122,48|7,00|8,57|0||0||||||||134,73||||||134,73||||||
|C170|32|840992||4,00000|PC|81,68||0|000|2102||81,68|7,00|5,72|0||0||||||||89,85||||||89,85||||||
|C190|000|2102|7,00|2981,11|2677,61|187,43|0|0|0|0||
|C100|0|1|800006986|55|00|1|000687193|42111159105999003959550010006871931446836655|16112011|30112011|6965,66|1|||5358,20|1||||5358,20|375,07||||||||
|C170|1|031260||20,00000|PC|5358,20||0|000|2102||5358,20|7,00|375,07|0||0||||||||6965,66||||||6965,66||||||
|C190|000|2102|7,00|6965,66|5358,20|375,07|0|0|0|0||
|C100|0|1|800008028|55|00|1|000454265|35111159105999000348550010004542651743516683|25112011|30112011|3750,08|1|||3571,50|1||||3571,50|250,00||||||||
|C170|1|031190||6,00000|PC|3571,50||0|000|2102||3571,50|7,00|250,00|0||0||||||||3750,08||||||3750,08||||||
|C190|000|2102|7,00|3750,08|3571,50|250,01|0|0|0|0||
|C100|0|1|800008028|55|00|1|000454267|35111159105999000348550010004542671926356116|25112011|30112011|11111,12|1|||10582,02|1||||10582,02|740,74||||||||
|C170|1|BF876CRRNA||9,00000|PC|10582,02||0|000|2102||10582,02|7,00|740,74|0||0||||||||11111,12||||||11111,12||||||
|C190|000|2102|7,00|11111,12|10582,02|740,74|0|0|0|0||
|C100|0|1|800008028|55|00|1|000454268|35111159105999000348550010004542681692309963|25112011|30112011|1234,58|1|||1175,79|1||||1175,79|82,31||||||||
|C170|1|BF876CRRNA||1,00000|PC|1175,79||0|000|2102||1175,79|7,00|82,31|0||0||||||||1234,58||||||1234,58||||||
|C190|000|2102|7,00|1234,58|1175,79|82,31|0|0|0|0||
|C100|0|1|800006986|55|00|1|000686070|42111159105999003959550010006860701113382752|14112011|28112011|4614,18|1|||3845,15|1||||3845,15|269,16||||||||
|C170|1|030253||5,00000|PC|3845,15||0|000|2102||3845,15|7,00|269,16|0||0||||||||4614,18||||||4614,18||||||
|C190|000|2102|7,00|4614,18|3845,15|269,16|0|0|0|0||
|C100|0|1|800006986|55|00|1|000686072|42111159105999003959550010006860721025836799|14112011|28112011|3810,95|1|||2931,50|1||||2931,50|205,21||||||||
|C170|1|031110||10,00000|PC|2931,50||0|000|2102||2931,50|7,00|205,21|0||0||||||||3810,95||||||3810,95||||||
|C190|000|2102|7,00|3810,95|2931,50|205,21|0|0|0|0||
|C100|0|1|800006986|55|00|1|000686075|42111159105999003959550010006860751322700800|14112011|28112011|4735,70|1|||4118,00|1||||4118,00|288,26||||||||
|C170|1|030960||10,00000|PC|4118,00||0|000|2102||4118,00|7,00|288,26|0||0||||||||4735,70||||||4735,70||||||
|C190|000|2102|7,00|4735,70|4118,00|288,26|0|0|0|0||
|C100|0|1|800006986|55|00|1|000686078|42111159105999003959550010006860781100984587|14112011|28112011|6687,24|1|||5572,70|1||||5572,70|390,09||||||||
|C170|1|030473||10,00000|PC|1789,90||0|000|2102||1789,90|7,00|125,29|0||0||||||||2147,88||||||2147,88||||||
|C170|2|030473||10,00000|PC|3782,80||0|000|2102||3782,80|7,00|264,80|0||0||||||||4539,36||||||4539,36||||||
|C190|000|2102|7,00|6687,24|5572,70|390,09|0|0|0|0||
|C100|0|1|800006986|55|00|1|000686079|42111159105999003959550010006860791363492801|14112011|28112011|7866,48|1|||6555,40|1||||6555,40|458,88||||||||
|C170|1|030483||10,00000|PC|2120,90||0|000|2102||2120,90|7,00|148,46|0||0||||||||2545,08||||||2545,08||||||
|C170|2|030483||10,00000|PC|4434,50||0|000|2102||4434,50|7,00|310,42|0||0||||||||5321,40||||||5321,40||||||
|C190|000|2102|7,00|7866,48|6555,40|458,88|0|0|0|0||
|C100|0|1|800006992|55|00|1|000097462|35111104403408000912550010000974621721852826|11112011|28112011|4008,90|1|||3486,00|1||||3486,00|244,02||||||||
|C170|1|180970||2,00000|PEC|3486,00||0|000|2102||3486,00|7,00|244,02|0||0||||||||4008,90||||||4008,90||||||
|C190|000|2102|7,00|4008,90|3486,00|244,02|0|0|0|0||
|C100|0|1|800006992|55|00|1|000097463|35111104403408000912550010000974631721884164|11112011|28112011|6013,35|1|||5229,00|1||||5229,00|366,03||||||||
|C170|1|180970||3,00000|PEC|5229,00||0|000|2102||5229,00|7,00|366,03|0||0||||||||6013,35||||||6013,35||||||
|C190|000|2102|7,00|6013,35|5229,00|366,03|0|0|0|0||
|C100|0|1|800006992|55|00|1|000097133|35111104403408000912550010000971331012665309|09112011|24112011|5729,30|1|||4982,00|1||||4982,00|348,74||||||||
|C170|1|180910||2,00000|PEC|4982,00||0|000|2102||4982,00|7,00|348,74|0||0||||||||5729,30||||||5729,30||||||
|C190|000|2102|7,00|5729,30|4982,00|348,74|0|0|0|0||
|C100|0|1|800008028|55|00|1|000448046|35111159105999000348550010004480461587374200|16112011|23112011|5519,43|1|||5256,60|1||||5256,60|367,96||||||||
|C170|1|031150||5,00000|PC|5256,60||0|000|2102||5256,60|7,00|367,96|0||0||||||||5519,43||||||5519,43||||||
|C190|000|2102|7,00|5519,43|5256,60|367,96|0|0|0|0||
|C100|0|1|800008028|55|00|1|000448049|35111159105999000348550010004480491113831008|16112011|23112011|12963,41|1|||12346,10|1||||12346,10|864,23||||||||
|C170|1|031283||10,00000|PC|12346,10||0|000|2102||12346,10|7,00|864,23|0||0||||||||12963,41||||||12963,41||||||
|C190|000|2102|7,00|12963,41|12346,10|864,23|0|0|0|0||
|C100|0|1|800006992|55|00|1|000096650|35111104403408000912550010000966501189299310|03112011|23112011|11458,60|1|||9964,00|1||||9964,00|697,48||||||||
|C170|1|180910||4,00000|PEC|9964,00||0|000|2102||9964,00|7,00|697,48|0||0||||||||11458,60||||||11458,60||||||
|C190|000|2102|7,00|11458,60|9964,00|697,48|0|0|0|0||
|C100|0|1|800006986|55|00|1|000675381|42111059105999003959550010006753811284323198|31102011|22112011|251,02|1|||251,02|1||||251,02|17,57||||||||
|C170|1|040360||1,00000|PC|251,02||0|000|2102||251,02|7,00|17,57|0||0||||||||251,02||||||251,02||||||
|C190|000|2102|7,00|251,02|251,02|17,57|0|0|0|0||
|C100|0|1|800006991|55|00|1|000149438|13111063699839000180550010001494381135502865|28102011|16112011|9605,70|1|||8980,95|1|624,75|||9605,70|1152,68||||||||
|C170|1|040530||15,00000|PC|3638,85||0|000|2102||3841,35|12,00|460,96|0||0||||||||3841,35||||||3841,35||||||
|C170|2|040530||15,00000|PC|5342,10||0|000|2102||5764,35|12,00|691,72|0||0||||||||5764,35||||||5764,35||||||
|C190|000|2102|12,00|9605,70|9605,70|1152,68|0|0|0|0||
|C100|0|1|800006991|55|00|1|000149439|13111063699839000180550010001494391478181214|28102011|16112011|21656,84|1|||21224,84|1|432,00|||21656,84|2598,82||||||||
|C170|1|040250||20,00000|PC|12124,40||0|000|2102||12394,40|12,00|1487,33|0||0||||||||12394,40||||||12394,40||||||
|C170|2|040290||12,00000|PC|9100,44||0|000|2102||9262,44|12,00|1111,49|0||0||||||||9262,44||||||9262,44||||||
|C190|000|2102|12,00|21656,84|21656,84|2598,82|0|0|0|0||
|C100|0|1|800006991|55|00|1|000149440|13111063699839000180550010001494401073355480|28102011|16112011|8846,16|1|||8346,36|1|499,80|||8846,16|1061,54||||||||
|C170|1|040520||12,00000|PC|3813,24||0|000|2102||3975,24|12,00|477,03|0||0||||||||3975,24||||||3975,24||||||
|C170|2|040520||12,00000|PC|4533,12||0|000|2102||4870,92|12,00|584,51|0||0||||||||4870,92||||||4870,92||||||
|C190|000|2102|12,00|8846,16|8846,16|1061,54|0|0|0|0||
|C100|0|1|800006991|55|00|1|000149441|13111063699839000180550010001494411896899640|28102011|16112011|9231,70|1|||8950,20|1|281,50|||9231,70|1107,80||||||||
|C170|1|040280||10,00000|PC|8950,20||0|000|2102||9231,70|12,00|1107,80|0||0||||||||9231,70||||||9231,70||||||
|C190|000|2102|12,00|9231,70|9231,70|1107,80|0|0|0|0||
|C100|0|1|800006991|55|00|1|000146153|13111063699839000180550010001461531224450530|14102011|14112011|3201,90|1|||2993,65|1|208,25|||3201,90|384,23||||||||
|C170|1|040530||5,00000|PC|1212,95||0|000|2102||1280,45|12,00|153,65|0||0||||||||1280,45||||||1280,45||||||
|C170|2|040530||5,00000|PC|1780,70||0|000|2102||1921,45|12,00|230,57|0||0||||||||1921,45||||||1921,45||||||
|C190|000|2102|12,00|3201,90|3201,90|384,23|0|0|0|0||
|C100|0|1|800008026|01|00|1|0009081||01112011|01112011|2044,10|9|||2044,10|9||||2044,10|347,50||||||||
|C170|1|030083||1,00000|UN|1811,62||0|000|1152||1811,62|17,00|307,98|0||0||||||||||||||||||||
|C170|2|100210||1,00000|UN|232,48||0|000|1152||232,48|17,00|39,52|0||0||||||||||||||||||||
|C190|000|1152|17,00|2044,10|2044,10|347,50|0|0|0|0||
|C100|0|1|800008026|01|00|1|0009083||01112011|01112011|249,80|9|||249,80|9||||249,80|42,47||||||||
|C170|1|290250||1,00000|UN|66,66||0|000|1152||66,66|17,00|11,33|0||0||||||||||||||||||||
|C170|2|120080||1,00000|UN|85,49||0|000|1152||85,49|17,00|14,53|0||0||||||||||||||||||||
|C170|3|200520||1,00000|UN|97,65||0|000|1152||97,65|17,00|16,60|0||0||||||||||||||||||||
|C190|000|1152|17,00|249,80|249,80|42,47|0|0|0|0||
|C100|0|1|800008026|01|00|1|0009084||04112011|04112011|560,72|9|||560,72|9||||560,72|95,32||||||||
|C170|1|950460||1,00000|UN|560,72||0|000|1152||560,72|17,00|95,32|0||0||||||||||||||||||||
|C190|000|1152|17,00|560,72|560,72|95,32|0|0|0|0||
|C100|0|1|800008026|01|00|1|0009085||04112011|04112011|1882,44|9|||1882,44|9||||1882,44|320,01||||||||
|C170|1|180970||1,00000|UN|1882,44||0|000|1152||1882,44|17,00|320,01|0||0||||||||||||||||||||
|C190|000|1152|17,00|1882,44|1882,44|320,01|0|0|0|0||
|C100|0|1|800008026|01|00|1|0009087||04112011|04112011|105,95|9|||105,95|9||||105,95|18,01||||||||
|C170|1|521170||1,00000|UN|105,95||0|000|1152||105,95|17,00|18,01|0||0||||||||||||||||||||
|C190|000|1152|17,00|105,95|105,95|18,01|0|0|0|0||
|C100|0|1|800008026|01|00|1|0009088||05112011|05112011|1149,17|9|||1149,17|9||||1149,17|195,36||||||||
|C170|1|890630||1,00000|UN|94,64||0|000|1152||94,64|17,00|16,09|0||0||||||||||||||||||||
|C170|2|890501||1,00000|UN|60,11||0|000|1152||60,11|17,00|10,22|0||0||||||||||||||||||||
|C170|3|030630||1,00000|UN|994,42||0|000|1152||994,42|17,00|169,05|0||0||||||||||||||||||||
|C190|000|1152|17,00|1149,17|1149,17|195,36|0|0|0|0||
|C100|0|1|800008026|01|00|1|0009089||08112011|08112011|555,12|9|||555,12|9||||555,12|94,37||||||||
|C170|1|902172||1,00000|UN|150,87||0|000|1152||150,87|17,00|25,65|0||0||||||||||||||||||||
|C170|2|700970||3,00000|UN|18,75||0|000|1152||18,75|17,00|3,19|0||0||||||||||||||||||||
|C170|3|850090||4,00000|UN|65,40||0|000|1152||65,40|17,00|11,12|0||0||||||||||||||||||||
|C170|4|850050||3,00000|UN|80,79||0|000|1152||80,79|17,00|13,73|0||0||||||||||||||||||||
|C170|5|180203||1,00000|UN|239,31||0|000|1152||239,31|17,00|40,68|0||0||||||||||||||||||||
|C190|000|1152|17,00|555,12|555,12|94,37|0|0|0|0||
|C100|0|1|800008026|01|00|1|0009090||08112011|08112011|295,74|9|||295,74|9||||295,74|50,28||||||||
|C170|1|200390||1,00000|UN|295,74||0|000|1152||295,74|17,00|50,28|0||0||||||||||||||||||||
|C190|000|1152|17,00|295,74|295,74|50,28|0|0|0|0||
|C100|0|1|800008026|01|00|1|0009091||08112011|08112011|95,01|9|||95,01|9||||95,01|16,15||||||||
|C170|1|040550||1,00000|UN|95,01||0|000|1152||95,01|17,00|16,15|0||0||||||||||||||||||||
|C190|000|1152|17,00|95,01|95,01|16,15|0|0|0|0||
|C100|0|1|800008026|01|00|1|0009092||08112011|08112011|1001,20|9|||1001,20|9||||1001,20|170,20||||||||
|C170|1|030780||1,00000|UN|1001,20||0|000|1152||1001,20|17,00|170,20|0||0||||||||||||||||||||
|C190|000|1152|17,00|1001,20|1001,20|170,20|0|0|0|0||
|C100|0|1|800008026|01|00|1|0009094||08112011|08112011|75,98|9|||75,98|9||||75,98|12,92||||||||
|C170|1|330030||1,00000|UN|75,98||0|000|1152||75,98|17,00|12,92|0||0||||||||||||||||||||
|C190|000|1152|17,00|75,98|75,98|12,92|0|0|0|0||
|C100|0|1|800008026|01|00|1|0009095||09112011|09112011|2007,09|9|||2007,09|9||||2007,09|341,21||||||||
|C170|1|030123||1,00000|UN|2007,09||0|000|1152||2007,09|17,00|341,21|0||0||||||||||||||||||||
|C190|000|1152|17,00|2007,09|2007,09|341,21|0|0|0|0||
|C100|0|1|800008026|01|00|1|0009096||10112011|10112011|580,98|9|||580,98|9||||580,98|98,77||||||||
|C170|1|890501||1,00000|UN|60,11||0|000|1152||60,11|17,00|10,22|0||0||||||||||||||||||||
|C170|2|840990||1,00000|UN|56,37||0|000|1152||56,37|17,00|9,58|0||0||||||||||||||||||||
|C170|3|180380||1,00000|UN|292,61||0|000|1152||292,61|17,00|49,74|0||0||||||||||||||||||||
|C170|4|330090||1,00000|UN|68,33||0|000|1152||68,33|17,00|11,62|0||0||||||||||||||||||||
|C170|5|290300||1,00000|UN|76,97||0|000|1152||76,97|17,00|13,08|0||0||||||||||||||||||||
|C170|6|180320||1,00000|UN|26,59||0|000|1152||26,59|17,00|4,52|0||0||||||||||||||||||||
|C190|000|1152|17,00|580,98|580,98|98,77|0|0|0|0||
|C100|0|1|800008026|01|00|1|0009097||11112011|11112011|42,44|9|||42,44|9||||39,54|6,72||||||||
|C170|1|812790||1,00000|UN|7,47||0|000|1152||7,47|17,00|1,27|0||0||||||||||||||||||||
|C170|2|940390||1,00000|UN|2,90||0|041|1152|||||0||0||||||||||||||||||||
|C170|3|910783||1,00000|UN|32,07||0|000|1152||32,07|17,00|5,45|0||0||||||||||||||||||||
|C190|000|1152|17,00|39,54|39,54|6,72|0|0|0|0||
|C190|041|1152||2,90|0|0|0|0|0|0||
|C100|0|1|800008026|01|00|1|0009098||11112011|11112011|157,86|9|||157,86|9||||157,86|26,84||||||||
|C170|1|160110||1,00000|UN|157,86||0|000|1152||157,86|17,00|26,84|0||0||||||||||||||||||||
|C190|000|1152|17,00|157,86|157,86|26,84|0|0|0|0||
|C100|0|1|800008026|01|00|1|0009100||11112011|11112011|29,82|9|||29,82|9||||29,82|5,07||||||||
|C170|1|840431||1,00000|UN|29,82||0|000|1152||29,82|17,00|5,07|0||0||||||||||||||||||||
|C190|000|1152|17,00|29,82|29,82|5,07|0|0|0|0||
|C100|0|1|800008026|01|00|1|0009102||11112011|11112011|108,53|9|||108,53|9||||108,53|18,45||||||||
|C170|1|890340||1,00000|UN|28,89||0|000|1152||28,89|17,00|4,91|0||0||||||||||||||||||||
|C170|2|101010||1,00000|UN|49,34||0|000|1152||49,34|17,00|8,39|0||0||||||||||||||||||||
|C170|3|290340||1,00000|UN|30,30||0|000|1152||30,30|17,00|5,15|0||0||||||||||||||||||||
|C190|000|1152|17,00|108,53|108,53|18,45|0|0|0|0||
|C100|0|1|800008026|01|00|1|0009103||12112011|12112011|560,83|9|||560,83|9||||560,83|95,34||||||||
|C170|1|950390||1,00000|UN|471,11||0|000|1152||471,11|17,00|80,09|0||0||||||||||||||||||||
|C170|2|160200||1,00000|UN|89,72||0|000|1152||89,72|17,00|15,25|0||0||||||||||||||||||||
|C190|000|1152|17,00|560,83|560,83|95,34|0|0|0|0||
|C100|0|1|800008026|01|00|1|0009104||12112011|12112011|26,22|9|||26,22|9||||26,22|4,46||||||||
|C170|1|521120||1,00000|UN|26,22||0|000|1152||26,22|17,00|4,46|0||0||||||||||||||||||||
|C190|000|1152|17,00|26,22|26,22|4,46|0|0|0|0||
|C100|0|1|800008026|01|00|1|0009106||12112011|12112011|148,72|9|||148,72|9||||148,72|25,28||||||||
|C170|1|180270||1,00000|UN|148,72||0|000|1152||148,72|17,00|25,28|0||0||||||||||||||||||||
|C190|000|1152|17,00|148,72|148,72|25,28|0|0|0|0||
|C100|0|1|800008026|01|00|1|0009108||12112011|12112011|126,62|9|||126,62|9||||126,62|21,53||||||||
|C170|1|290280||1,00000|UN|69,84||0|000|1152||69,84|17,00|11,87|0||0||||||||||||||||||||
|C170|2|890500||1,00000|UN|56,78||0|000|1152||56,78|17,00|9,65|0||0||||||||||||||||||||
|C190|000|1152|17,00|126,62|126,62|21,53|0|0|0|0||
|C100|0|1|800008026|01|00|1|0009110||14112011|14112011|396,10|9|||396,10|9||||396,10|67,34||||||||
|C170|1|040430||2,00000|UN|396,10||0|000|1152||396,10|17,00|67,34|0||0||||||||||||||||||||
|C190|000|1152|17,00|396,10|396,10|67,34|0|0|0|0||
|C100|0|1|800008026|01|00|1|0009114||14112011|14112011|21,16|9|||21,16|9||||21,16|3,60||||||||
|C170|1|970370||1,00000|UN|21,16||0|000|1152||21,16|17,00|3,60|0||0||||||||||||||||||||
|C190|000|1152|17,00|21,16|21,16|3,60|0|0|0|0||
|C100|0|1|800008026|01|00|1|0009115||16112011|16112011|560,72|9|||560,72|9||||560,72|95,32||||||||
|C170|1|950460||1,00000|UN|560,72||0|000|1152||560,72|17,00|95,32|0||0||||||||||||||||||||
|C190|000|1152|17,00|560,72|560,72|95,32|0|0|0|0||
|C100|0|1|800008026|01|00|1|0009118||16112011|16112011|134,30|9|||134,30|9||||134,30|22,83||||||||
|C170|1|903081||1,00000|UN|134,30||0|000|1152||134,30|17,00|22,83|0||0||||||||||||||||||||
|C190|000|1152|17,00|134,30|134,30|22,83|0|0|0|0||
|C100|0|1|800008026|01|00|1|0009120||16112011|16112011|23,46|9|||23,46|9||||23,46|3,99||||||||
|C170|1|105300||1,00000|UN|23,46||0|000|1152||23,46|17,00|3,99|0||0||||||||||||||||||||
|C190|000|1152|17,00|23,46|23,46|3,99|0|0|0|0||
|C100|0|1|800008026|01|00|1|0009122||16112011|16112011|38,22|9|||38,22|9||||38,22|6,50||||||||
|C170|1|902511||1,00000|UN|38,22||0|000|1152||38,22|17,00|6,50|0||0||||||||||||||||||||
|C190|000|1152|17,00|38,22|38,22|6,50|0|0|0|0||
|C100|0|1|800008026|01|00|1|0009123||16112011|16112011|235,71|9|||235,71|9||||235,71|40,07||||||||
|C170|1|330030||1,00000|UN|75,98||0|000|1152||75,98|17,00|12,92|0||0||||||||||||||||||||
|C170|2|031240||1,00000|UN|159,73||0|000|1152||159,73|17,00|27,15|0||0||||||||||||||||||||
|C190|000|1152|17,00|235,71|235,71|40,07|0|0|0|0||
|C100|0|1|800008026|01|00|1|0009125||17112011|17112011|224,81|9|||224,81|9||||224,81|38,22||||||||
|C170|1|950400||1,00000|UN|224,81||0|000|1152||224,81|17,00|38,22|0||0||||||||||||||||||||
|C190|000|1152|17,00|224,81|224,81|38,22|0|0|0|0||
|C100|0|1|800008026|01|00|1|0009127||17112011|17112011|623,52|9|||623,52|9||||623,52|106,00||||||||
|C170|1|051070||1,00000|UN|623,52||0|000|1152||623,52|17,00|106,00|0||0||||||||||||||||||||
|C190|000|1152|17,00|623,52|623,52|106,00|0|0|0|0||
|C100|0|1|800008026|01|00|1|0009128||17112011|17112011|1297,23|9|||1297,23|9||||1297,23|220,53||||||||
|C170|1|031093||1,00000|UN|232,92||0|000|1152||232,92|17,00|39,60|0||0||||||||||||||||||||
|C170|2|030363||1,00000|UN|925,77||0|000|1152||925,77|17,00|157,38|0||0||||||||||||||||||||
|C170|3|950310||2,00000|UN|138,54||0|000|1152||138,54|17,00|23,55|0||0||||||||||||||||||||
|C190|000|1152|17,00|1297,23|1297,23|220,53|0|0|0|0||
|C100|0|1|800006986|55|00|1|000687195|42111159105999003959550010006871951439234976|16112011|30112011|9265,15|1|||8056,65|1||||8056,65|563,97||||||||
|C170|1|030100||5,00000|PC|8056,65||0|000|2102||8056,65|7,00|563,97|0||0||||||||||||||||||||
|C190|000|2102|7,00|9265,15|8056,65|563,97|0|0|0|0||
|C100|0|1|800006986|55|00|1|000686076|42111159105999003959550010006860761086362273|14112011|28112011|7215,10|1|||6274,00|1||||6274,00|439,18||||||||
|C170|1|030850||5,00000|PC|6274,00||0|000|2102||6274,00|7,00|439,18|0||0||||||||7215,10||||||7215,10||||||
|C190|000|2102|7,00|7215,10|6274,00|439,18|0|0|0|0||
|C100|0|1|800006986|55|00|1|000675378|42111059105999003959550010006753781686619649|31102011|16112011|2861,64|1|||2861,64|1||||2861,64|200,31||||||||
|C170|1|040360||10,00000|PC|2510,20||0|000|2102||2510,20|7,00|175,71|0||0||||||||2510,20||||||2510,20||||||
|C170|2|040360||2,00000|PC|351,44||0|000|2102||351,44|7,00|24,60|0||0||||||||351,44||||||351,44||||||
|C190|000|2102|7,00|2861,64|2861,64|200,31|0|0|0|0||
|C400|2D|ECF|GEXNJ20000|2|
|C405|01112011|1|1438|28831|11723866,15|22530|
|C420|01T1700|22530|1||
|C425|810391|1|UN|19|0,12|0,57|
|C425|880260|2|UN|70|0,46|2,1|
|C425|880360|1|UN|45|0,29|1,35|
|C425|900872|1|UN|99|0,64|2,97|
|C425|950460|1|UN|1249|8,12|37,47|
|C425|030093|1|UN|2199|14,29|65,97|
|C425|031260|1|UN|555|3,61|16,65|
|C425|900071|1|UN|159|1,03|4,77|
|C425|180390|1|UN|1099|7,14|32,97|
|C425|880080|1|UN|89|0,58|2,67|
|C425|180253|1|UN|319|2,07|9,57|
|C425|501060|1|UN|39|0,25|1,17|
|C425|760440|1|UN|59|0,38|1,77|
|C425|902230|1|UN|55|0,36|1,65|
|C425|106070|1|UN|139|0,9|4,17|
|C425|910190|1|UN|12|0,08|0,36|
|C425|200390|1|UN|499|3,24|14,97|
|C425|660651|1|UN|79|0,51|2,37|
|C425|841104|1|UN|22|0,14|0,66|
|C425|030013|1|UN|1999|12,99|59,97|
|C425|100210|4|UN|1497|9,72|44,91|
|C425|030100|1|UN|2976|19,34|89,28|
|C425|030283|1|UN|499|3,24|14,97|
|C425|030373|1|UN|1160|7,54|34,8|
|C425|030433|1|UN|799|5,19|23,97|
|C425|030553|1|UN|1017|6,61|30,51|
|C425|030830|1|UN|1235|8,03|37,05|
|C425|031240|1|UN|269|1,75|8,07|
|C425|040430|1|UN|329|2,14|9,87|
|C425|813360|1|UN|9|0,06|0,27|
|C425|103120|3|UN|30|0,2|0,9|
|C425|180750|2|UN|2899|18,84|86,97|
|C425|200370|1|UN|329|2,14|9,87|
|C425|290053|1|UN|199|1,29|5,97|
|C425|290210|1|UN|349|2,27|10,47|
|C425|290340|1|UN|59|0,38|1,77|
|C425|330050|1|UN|49|0,32|1,47|
|C425|810891|1|UN|8|0,05|0,24|
|C425|811990|1|UN|13|0,08|0,39|
|C490|000|5102|17|22530|22530|3830,1||
|C405|03112011|1|1439|28857|11728172,17|4306|
|C420|01T1700|4306|1||
|C425|902580|2|UN|12|0,08|0,36|
|C425|702120|1|UN|12|0,08|0,36|
|C425|702130|1|UN|35|0,23|1,05|
|C425|890500|1|UN|99|0,64|2,97|
|C425|820460|1|UN|5|0,03|0,15|
|C425|890520|1|UN|99|0,64|2,97|
|C425|104190|1|UN|39|0,25|1,17|
|C425|902590|4|UN|40|0,26|1,2|
|C425|105301|1|UN|79|0,51|2,37|
|C425|502381|1|UN|12|0,08|0,36|
|C425|180550|1|UN|539|3,5|16,17|
|C425|100210|1|UN|360|2,34|10,8|
|C425|330090|1|UN|119|0,77|3,57|
|C425|150040|1|UN|57|0,37|1,71|
|C425|180970|1|UN|1472|9,57|44,16|
|C425|290300|1|UN|129|0,84|3,87|
|C425|290340|1|UN|59|0,38|1,77|
|C425|910785|1|UN|69|0,45|2,07|
|C425|701670|1|UN|32|0,21|0,96|
|C425|880160|1|UN|25|0,16|0,75|
|C425|890390|1|UN|899|5,84|26,97|
|C425|902630|1|UN|45|0,29|1,35|
|C425|910783|1|UN|69|0,45|2,07|
|C490|000|5102|17|4306|4306|732,02||
|C405|04112011|1|1440|28889|11742706,17|14534|
|C420|01T1700|14455|1||
|C425|290280|1|UN|119|0,77|3,57|
|C425|030123|1|UN|3299|21,44|98,97|
|C425|031120|1|UN|924|6,01|27,72|
|C425|031260|1|UN|579|3,76|17,37|
|C425|890630|1|UN|159|1,03|4,77|
|C425|670680|1|UN|99|0,64|2,97|
|C425|880320|1|UN|19|0,12|0,57|
|C425|890500|2|UN|198|1,28|5,94|
|C425|040570|1|UN|193|1,25|5,79|
|C425|890560|1|UN|217|1,41|6,51|
|C425|910180|1|UN|22|0,14|0,66|
|C425|700570|1|UN|7|0,05|0,21|
|C425|120030|1|UN|99|0,64|2,97|
|C425|900914|1|UN|25|0,16|0,75|
|C425|180550|1|UN|522|3,39|15,66|
|C425|950143|1|UN|139|0,9|4,17|
|C425|030363|1|UN|1099|7,14|32,97|
|C425|290340|1|UN|59|0,38|1,77|
|C425|030830|1|UN|2599|16,89|77,97|
|C425|030900|1|UN|295|1,92|8,85|
|C425|100030|1|UN|493|3,2|14,79|
|C425|100200|1|UN|180|1,17|5,4|
|C425|100210|1|UN|379|2,46|11,37|
|C425|220370|1|UN|1799|11,69|53,97|
|C425|290220|1|UN|79|0,51|2,37|
|C425|950310|1|UN|119|0,77|3,57|
|C425|330010|1|UN|115|0,75|3,45|
|C425|330210|1|UN|69|0,45|2,07|
|C425|650200|1|UN|39|0,25|1,17|
|C425|890530|1|UN|249|1,62|7,47|
|C425|902511|1|UN|79|0,51|2,37|
|C425|910760|5|UN|45|0,29|1,35|
|C425|910782|2|UN|138|0,9|4,14|
|C420|N1|79|||
|C425|710280|1|UN|79|0,51|2,37|
|C490|000|5102|17|14455|14455|2457,35||
|C490|041|5102|0|79|0|0||
|C405|05112011|1|1441|28898|11745174,17|2468|
|C420|01T1700|2468|1||
|C425|030143|1|UN|875|5,69|26,25|
|C425|030460|1|UN|1350|8,78|40,5|
|C425|103110|1|UN|59|0,38|1,77|
|C425|813370|1|UN|16|0,1|0,48|
|C425|330030|1|UN|129|0,84|3,87|
|C425|532170|1|UN|39|0,25|1,17|
|C490|000|5102|17|2468|2468|419,56||
|C405|07112011|1|1442|28926|11750383,17|5209|
|C420|01T1700|5209|1||
|C425|500750|1|UN|8|0,05|0,24|
|C425|200360|1|UN|219|1,42|6,57|
|C425|901312|1|UN|18|0,12|0,54|
|C425|501160|1|UN|7|0,05|0,21|
|C425|050543|1|UN|218|1,42|6,54|
|C425|501060|1|UN|59|0,38|1,77|
|C425|104060|1|UN|8|0,05|0,24|
|C425|910900|1|UN|49|0,32|1,47|
|C425|910340|1|UN|169|1,1|5,07|
|C425|610210|1|UN|15|0,1|0,45|
|C425|680920|1|UN|13|0,08|0,39|
|C425|910950|1|UN|59|0,38|1,77|
|C425|910960|1|UN|59|0,38|1,77|
|C425|903573|1|UN|299|1,94|8,97|
|C425|760310|1|UN|319|2,07|9,57|
|C425|090240|2|UN|118|0,76|3,54|
|C425|330090|1|UN|113|0,73|3,39|
|C425|100063|1|UN|290|1,89|8,7|
|C425|100210|1|UN|379|2,46|11,37|
|C425|120020|1|UN|99|0,64|2,97|
|C425|180270|1|UN|259|1,68|7,77|
|C425|290340|1|UN|59|0,38|1,77|
|C425|330050|1|UN|49|0,32|1,47|
|C425|900431|1|UN|22|0,14|0,66|
|C425|890501|1|UN|99|0,64|2,97|
|C425|910785|1|UN|69|0,45|2,07|
|C425|040570|1|UN|199|1,29|5,97|
|C425|031160|1|UN|1769|11,5|53,07|
|C425|500820|1|UN|7|0,05|0,21|
|C425|900071|1|UN|159|1,03|4,77|
|C490|000|5102|17|5209|5209|885,53||
|C405|08112011|1|1443|28965|11767696,17|14713|
|C420|01T1700|14707|1||
|C425|650180|3|UN|12|0,08|0,36|
|C425|111090|1|UN|14|0,09|0,42|
|C425|950300|1|UN|89|0,58|2,67|
|C425|890560|1|UN|229|1,49|6,87|
|C425|810391|1|UN|19|0,12|0,57|
|C425|120030|1|UN|99|0,64|2,97|
|C425|290280|2|UN|238|1,54|7,14|
|C425|901312|1|UN|18|0,12|0,54|
|C425|090280|1|UN|179|1,16|5,37|
|C425|910100|1|UN|39|0,25|1,17|
|C425|810292|1|UN|20|0,13|0,6|
|C425|120170|1|UN|299|1,94|8,97|
|C425|901314|2|UN|30|0,2|0,9|
|C425|200040|1|UN|740|4,81|22,2|
|C425|812620|1|UN|21|0,14|0,63|
|C425|500231|1|UN|19|0,12|0,57|
|C425|900951|2|UN|10|0,07|0,3|
|C425|330020|1|UN|105|0,68|3,15|
|C425|180400|1|UN|499|3,24|14,97|
|C425|111050|1|UN|7|0,05|0,21|
|C425|101280|2|UN|50|0,33|1,5|
|C425|501330|1|UN|199|1,29|5,97|
|C425|902500|1|UN|49|0,32|1,47|
|C425|030373|1|UN|1129|7,34|33,87|
|C425|040530|1|UN|419|2,72|12,57|
|C425|180940|2|UN|378|2,46|11,34|
|C425|180750|1|UN|1999|12,99|59,97|
|C425|180190|1|UN|550|3,58|16,5|
|C425|040550|1|UN|159|1,03|4,77|
|C425|200480|1|UN|169|1,1|5,07|
|C425|040520|1|UN|1059|6,88|31,77|
|C425|040250|2|UN|1720|11,19|51,6|
|C425|031240|1|UN|255|1,66|7,65|
|C425|030970|1|UN|719|4,67|21,57|
|C425|030533|1|UN|256|1,66|7,68|
|C425|090230|1|UN|59|0,38|1,77|
|C425|710030|1|UN|4|0,03|0,12|
|C425|031160|1|UN|840|5,46|25,2|
|C425|030093|1|UN|1044|6,79|31,32|
|C425|910785|1|UN|69|0,45|2,07|
|C425|910783|2|UN|138|0,9|4,14|
|C425|290053|1|UN|199|1,29|5,97|
|C425|330250|2|UN|198|1,28|5,94|
|C425|290340|1|UN|59|0,38|1,77|
|C425|290190|1|UN|55|0,36|1,65|
|C425|290060|1|UN|246|1,6|7,38|
|C420|N1|6|||
|C425|940330|1|UN|6|0,04|0,18|
|C490|000|5102|17|14707|14707|2500,19||
|C490|041|5102|0|6|0|0||
|C405|09112011|1|1444|28987|11778789,17|11093|
|C420|01T1700|10794|1||
|C425|970090|1|UN|25|0,16|0,75|
|C425|901312|1|UN|18|0,12|0,54|
|C425|902580|1|UN|6|0,04|0,18|
|C425|220303|1|UN|2499|16,24|74,97|
|C425|521150|2|UN|24|0,16|0,72|
|C425|650720|2|UN|16|0,1|0,48|
|C425|330240|1|UN|79|0,51|2,37|
|C425|890500|1|UN|99|0,64|2,97|
|C425|700390|1|UN|9|0,06|0,27|
|C425|532410|1|UN|25|0,16|0,75|
|C425|900730|2|UN|10|0,07|0,3|
|C425|900241|1|UN|19|0,12|0,57|
|C425|051340|1|UN|2700|17,55|81|
|C425|103121|1|UN|5|0,03|0,15|
|C425|901670|1|UN|125|0,81|3,75|
|C425|030373|1|UN|1199|7,79|35,97|
|C425|180290|1|UN|119|0,77|3,57|
|C425|030830|1|UN|1300|8,45|39|
|C425|040550|1|UN|159|1,03|4,77|
|C425|090240|1|UN|59|0,38|1,77|
|C425|120080|1|UN|139|0,9|4,17|
|C425|180190|1|UN|289|1,88|8,67|
|C425|180273|1|UN|303|1,97|9,09|
|C425|700970|3|UN|39|0,25|1,17|
|C425|200530|1|UN|179|1,16|5,37|
|C425|502371|1|UN|10|0,07|0,3|
|C425|910782|1|UN|69|0,45|2,07|
|C425|910783|1|UN|69|0,45|2,07|
|C425|950310|1|UN|115|0,75|3,45|
|C425|030033|1|UN|1080|7,02|32,4|
|C425|500820|1|UN|7|0,05|0,21|
|C420|N1|299|||
|C425|940460|1|UN|299|1,94|8,97|
|C490|000|5102|17|10794|10794|1834,98||
|C490|041|5102|0|299|0|0||
|C405|10112011|1|1445|29032|11796072,18|17283|
|C420|01T1700|16910|1||
|C425|900221|1|UN|59|0,38|1,77|
|C425|120050|1|UN|159|1,03|4,77|
|C425|101160|1|UN|6|0,04|0,18|
|C425|903192|1|UN|9|0,06|0,27|
|C425|500245|2|UN|50|0,33|1,5|
|C425|290280|1|UN|119|0,77|3,57|
|C425|220013|1|UN|325|2,11|9,75|
|C425|880010|1|UN|89|0,58|2,67|
|C425|813440|1|UN|15|0,1|0,45|
|C425|031150|1|UN|840|5,46|25,2|
|C425|030093|1|UN|1044|6,79|31,32|
|C425|500244|2|UN|32|0,21|0,96|
|C425|030373|1|UN|1199|7,79|35,97|
|C425|900053|1|UN|69|0,45|2,07|
|C425|903573|1|UN|299|1,94|8,97|
|C425|810352|2|UN|30|0,2|0,9|
|C425|500123|1|UN|19|0,12|0,57|
|C425|910970|1|UN|79|0,51|2,37|
|C425|910960|1|UN|59|0,38|1,77|
|C425|900950|1|UN|14|0,09|0,42|
|C425|811640|1|UN|49|0,32|1,47|
|C425|970360|1|UN|85|0,55|2,55|
|C425|701600|1|UN|39|0,25|1,17|
|C425|105301|1|UN|79|0,51|2,37|
|C425|050600|1|UN|679|4,41|20,37|
|C425|500243|1|UN|10|0,07|0,3|
|C425|040520|2|UN|1000|6,5|30|
|C425|180243|1|UN|549|3,57|16,47|
|C425|101430|1|UN|119|0,77|3,57|
|C425|100210|1|UN|379|2,46|11,37|
|C425|100160|1|UN|469|3,05|14,07|
|C425|090240|1|UN|59|0,38|1,77|
|C425|180270|3|UN|748|4,86|22,44|
|C425|040250|1|UN|899|5,84|26,97|
|C425|040173|2|UN|2045|13,29|61,35|
|C425|040133|1|UN|789|5,13|23,67|
|C425|031240|1|UN|269|1,75|8,07|
|C425|030830|1|UN|1235|8,03|37,05|
|C425|030533|1|UN|256|1,66|7,68|
|C425|910783|2|UN|138|0,9|4,14|
|C425|180280|1|UN|89|0,58|2,67|
|C425|890360|1|UN|149|0,97|4,47|
|C425|880050|1|UN|79|0,51|2,37|
|C425|813360|1|UN|9|0,06|0,27|
|C425|660090|3|UN|169|1,1|5,07|
|C425|910760|1|UN|9|0,06|0,27|
|C425|500710|1|UN|10|0,07|0,3|
|C425|500242|1|UN|9|0,06|0,27|
|C425|330050|1|UN|49|0,32|1,47|
|C425|220283|1|UN|1749|11,37|52,47|
|C425|200530|1|UN|179|1,16|5,37|
|C420|N1|373|||
|C425|180870|1|UN|348|2,26|10,44|
|C425|980310|1|UN|25|0,16|0,75|
|C490|000|5102|17|16910|16910|2874,7||
|C490|041|5102|0|373|0|0||
|C405|11112011|1|1446|29068|11809678,2|13606|
|C420|01T1700|13599|1||
|C425|811130|1|UN|12|0,08|0,36|
|C425|903070|1|UN|16|0,1|0,48|
|C425|811140|1|UN|16|0,1|0,48|
|C425|500630|1|UN|6|0,04|0,18|
|C425|500590|1|UN|5|0,03|0,15|
|C425|030860|1|UN|5225|33,96|156,75|
|C425|900950|1|UN|14|0,09|0,42|
|C425|903170|1|UN|6|0,04|0,18|
|C425|500614|1|UN|14|0,09|0,42|
|C425|160130|1|UN|180|1,17|5,4|
|C425|160110|1|UN|120|0,78|3,6|
|C425|813371|2|UN|12|0,08|0,36|
|C425|500610|1|UN|5|0,03|0,15|
|C425|103280|1|UN|9|0,06|0,27|
|C425|810923|1|UN|10|0,07|0,3|
|C425|900456|1|UN|35|0,23|1,05|
|C425|900693|1|UN|75|0,49|2,25|
|C425|500622|1|UN|59|0,38|1,77|
|C425|100013|1|UN|300|1,95|9|
|C425|910950|1|UN|59|0,38|1,77|
|C425|200390|1|UN|499|3,24|14,97|
|C425|811860|1|UN|30|0,2|0,9|
|C425|530790|2|UN|98|0,64|2,94|
|C425|740130|1|UN|39|0,25|1,17|
|C425|030443|1|UN|1150|7,48|34,5|
|C425|330250|1|UN|99|0,64|2,97|
|C425|900872|1|UN|99|0,64|2,97|
|C425|900500|1|UN|8|0,05|0,24|
|C425|890360|1|UN|149|0,97|4,47|
|C425|660230|1|UN|130|0,85|3,9|
|C425|500710|1|UN|9|0,06|0,27|
|C425|970300|1|UN|85|0,55|2,55|
|C425|330150|1|UN|166|1,08|4,98|
|C425|290053|1|UN|193|1,25|5,79|
|C425|180280|1|UN|89|0,58|2,67|
|C425|180190|1|UN|560|3,64|16,8|
|C425|040550|1|UN|159|1,03|4,77|
|C425|030960|1|UN|799|5,19|23,97|
|C425|500241|1|UN|17|0,11|0,51|
|C425|900071|1|UN|159|1,03|4,77|
|C425|890340|2|UN|118|0,77|3,54|
|C425|051323|1|UN|1200|7,8|36|
|C425|031120|1|UN|933|6,06|27,99|
|C425|900913|1|UN|39|0,25|1,17|
|C425|040570|1|UN|199|1,29|5,97|
|C425|950310|1|UN|119|0,77|3,57|
|C425|910783|1|UN|69|0,45|2,07|
|C425|910782|2|UN|138|0,9|4,14|
|C425|910781|1|UN|69|0,45|2,07|
|C420|N1|7|||
|C425|940340|1|UN|7|0,05|0,21|
|C490|000|5102|17|13599|13599|2311,83||
|C490|041|5102|0|7|0|0||
|C405|12112011|1|1447|29099|11819978,2|10300|
|C420|01T1700|10300|1||
|C425|500090|1|UN|65|0,42|1,95|
|C425|910785|1|UN|69|0,45|2,07|
|C425|890640|1|UN|249|1,62|7,47|
|C425|330030|1|UN|129|0,84|3,87|
|C425|812420|1|UN|299|1,94|8,97|
|C425|902431|1|UN|269|1,75|8,07|
|C425|290280|1|UN|119|0,77|3,57|
|C425|910782|1|UN|69|0,45|2,07|
|C425|120030|1|UN|99|0,64|2,97|
|C425|330240|2|UN|157|1,02|4,71|
|C425|900420|1|UN|39|0,25|1,17|
|C425|902230|1|UN|55|0,36|1,65|
|C425|180880|1|UN|1329|8,64|39,87|
|C425|970120|1|UN|149|0,97|4,47|
|C425|903573|1|UN|299|1,94|8,97|
|C425|031130|1|UN|1299|8,44|38,97|
|C425|180760|1|UN|1329|8,64|39,87|
|C425|040133|1|UN|789|5,13|23,67|
|C425|040430|2|UN|658|4,28|19,74|
|C425|100200|1|UN|399|2,59|11,97|
|C425|103110|1|UN|59|0,38|1,77|
|C425|103120|1|UN|10|0,07|0,3|
|C425|180270|1|UN|259|1,68|7,77|
|C425|902930|1|UN|19|0,12|0,57|
|C425|180790|1|UN|1679|10,91|50,37|
|C425|290300|1|UN|129|0,84|3,87|
|C425|290340|1|UN|59|0,38|1,77|
|C425|330090|1|UN|119|0,77|3,57|
|C425|330210|1|UN|69|0,45|2,07|
|C425|500160|1|UN|29|0,19|0,87|
|C490|000|5102|17|10300|10300|1751||
|C405|14112011|1|1448|29146|11843309,21|23331|
|C420|01T1700|23302|1||
|C425|501792|1|UN|22|0,14|0,66|
|C425|501750|1|UN|39|0,25|1,17|
|C425|840990|1|UN|119|0,77|3,57|
|C425|680970|2|UN|78|0,51|2,34|
|C425|680281|1|UN|29|0,19|0,87|
|C425|650720|1|UN|8|0,05|0,24|
|C425|500590|1|UN|5|0,03|0,15|
|C425|290280|1|UN|119|0,77|3,57|
|C425|760540|1|UN|12|0,08|0,36|
|C425|903280|1|UN|79|0,51|2,37|
|C425|890500|1|UN|99|0,64|2,97|
|C425|680940|1|UN|59|0,38|1,77|
|C425|101361|1|UN|25|0,16|0,75|
|C425|901370|1|UN|12|0,08|0,36|
|C425|813371|2|UN|12|0,08|0,36|
|C425|500610|1|UN|5|0,03|0,15|
|C425|902610|2|UN|798|5,18|23,94|
|C425|900621|1|UN|49|0,32|1,47|
|C425|890630|1|UN|159|1,03|4,77|
|C425|670820|1|UN|39|0,25|1,17|
|C425|030800|1|UN|1699|11,04|50,97|
|C425|900456|1|UN|35|0,23|1,05|
|C425|900432|1|UN|12|0,08|0,36|
|C425|810352|1|UN|15|0,1|0,45|
|C425|500421|1|UN|5|0,03|0,15|
|C425|530850|1|UN|75|0,49|2,25|
|C425|911040|1|UN|45|0,29|1,35|
|C425|200390|1|UN|499|3,24|14,97|
|C425|051210|1|UN|1348|8,76|40,44|
|C425|811110|1|UN|9|0,06|0,27|
|C425|101450|4|UN|40|0,26|1,2|
|C425|520200|1|UN|259|1,68|7,77|
|C425|180550|1|UN|539|3,5|16,17|
|C425|902172|2|UN|598|3,89|17,94|
|C425|680310|1|UN|89|0,58|2,67|
|C425|330240|2|UN|158|1,02|4,74|
|C425|120030|1|UN|92|0,6|2,76|
|C425|030030|1|UN|1304|8,48|39,12|
|C425|180270|1|UN|130|0,85|3,9|
|C425|330130|1|UN|219|1,42|6,57|
|C425|330090|1|UN|119|0,77|3,57|
|C425|330050|1|UN|49|0,32|1,47|
|C425|330010|1|UN|115|0,75|3,45|
|C425|290310|2|UN|298|1,94|8,94|
|C425|290220|2|UN|158|1,02|4,74|
|C425|290053|1|UN|199|1,29|5,97|
|C425|180750|1|UN|1999|12,99|59,97|
|C425|330250|1|UN|99|0,64|2,97|
|C425|100210|1|UN|379|2,46|11,37|
|C425|040550|1|UN|159|1,03|4,77|
|C425|040520|1|UN|1059|6,88|31,77|
|C425|040430|1|UN|329|2,14|9,87|
|C425|040213|1|UN|699|4,54|20,97|
|C425|030910|1|UN|999|6,49|29,97|
|C425|030433|1|UN|759|4,93|22,77|
|C425|030143|1|UN|1899|12,34|56,97|
|C425|850090|1|UN|33|0,21|0,99|
|C425|950310|2|UN|238|1,54|7,14|
|C425|811030|1|UN|8|0,05|0,24|
|C425|680930|1|UN|119|0,77|3,57|
|C425|500170|1|UN|45|0,29|1,35|
|C425|120170|1|UN|299|1,94|8,97|
|C425|031273|1|UN|900|5,85|27|
|C425|031260|1|UN|579|3,76|17,37|
|C425|950460|1|UN|1199|7,79|35,97|
|C425|950440|1|UN|1199|7,79|35,97|
|C425|500710|2|UN|18|0,12|0,54|
|C425|950251|1|UN|139|0,9|4,17|
|C425|910785|1|UN|69|0,45|2,07|
|C425|910783|1|UN|69|0,45|2,07|
|C425|840720|1|UN|43|0,28|1,29|
|C425|813370|1|UN|16|0,1|0,48|
|C425|813360|1|UN|9|0,06|0,27|
|C425|502201|1|UN|65|0,42|1,95|
|C420|N1|29|||
|C425|940390|1|UN|29|0,19|0,87|
|C490|000|5102|17|23302|23302|3961,34||
|C490|041|5102|0|29|0|0||
|C405|16112011|1|1449|29174|11861252,21|17943|
|C420|01T1700|17903|1||
|C425|500632|2|UN|38|0,25|1,14|
|C425|120050|1|UN|159|1,03|4,77|
|C425|120030|1|UN|94|0,61|2,82|
|C425|101390|2|UN|112|0,73|3,36|
|C425|520440|1|UN|65|0,42|1,95|
|C425|650720|1|UN|8|0,05|0,24|
|C425|330240|1|UN|79|0,51|2,37|
|C425|500621|1|UN|55|0,36|1,65|
|C425|290280|1|UN|119|0,77|3,57|
|C425|840620|1|UN|55|0,36|1,65|
|C425|811090|1|UN|34|0,22|1,02|
|C425|970180|1|UN|59|0,38|1,77|
|C425|813550|1|UN|39|0,25|1,17|
|C425|910541|1|UN|99|0,64|2,97|
|C425|813472|1|UN|45|0,29|1,35|
|C425|813140|1|UN|49|0,32|1,47|
|C425|530850|1|UN|75|0,49|2,25|
|C425|900890|1|UN|38|0,25|1,14|
|C425|180550|1|UN|539|3,5|16,17|
|C425|500830|1|UN|35|0,23|1,05|
|C425|840650|1|UN|9|0,06|0,27|
|C425|740130|1|UN|39|0,25|1,17|
|C425|150420|2|UN|198|1,28|5,94|
|C425|701930|1|UN|20|0,13|0,6|
|C425|701420|1|UN|15|0,1|0,45|
|C425|030053|1|UN|1999|12,99|59,97|
|C425|030830|1|UN|1234|8,02|37,02|
|C425|180280|1|UN|89|0,58|2,67|
|C425|180190|1|UN|579|3,76|17,37|
|C425|040550|1|UN|159|1,03|4,77|
|C425|040250|1|UN|854|5,55|25,62|
|C425|031240|1|UN|269|1,75|8,07|
|C425|290033|1|UN|179|1,16|5,37|
|C425|030473|1|UN|1099|7,14|32,97|
|C425|030433|1|UN|799|5,19|23,97|
|C425|030363|1|UN|1099|7,14|32,97|
|C425|030133|1|UN|1799|11,69|53,97|
|C425|030100|2|UN|4554|29,6|136,62|
|C425|701510|1|UN|19|0,12|0,57|
|C425|902511|1|UN|79|0,51|2,37|
|C425|501650|1|UN|45|0,29|1,35|
|C425|950120|1|UN|49|0,32|1,47|
|C425|910783|1|UN|69|0,45|2,07|
|C425|903081|1|UN|269|1,75|8,07|
|C425|330050|1|UN|49|0,32|1,47|
|C425|890610|1|UN|359|2,33|10,77|
|C425|880360|2|UN|90|0,59|2,7|
|C425|813360|2|UN|18|0,12|0,54|
|C425|812970|1|UN|39|0,25|1,17|
|C425|701750|1|UN|29|0,19|0,87|
|C420|N1|40|||
|C425|980110|1|UN|15|0,1|0,45|
|C425|980120|1|UN|25|0,16|0,75|
|C490|000|5102|17|17903|17903|3043,51||
|C490|041|5102|0|40|0|0||
|C405|17112011|1|1450|29210|11871652,22|10400|
|C420|01T1700|10385|1||
|C425|901280|2|UN|46|0,3|1,38|
|C425|890500|2|UN|198|1,28|5,94|
|C425|290280|2|UN|233|1,51|6,99|
|C425|500245|1|UN|25|0,16|0,75|
|C425|500770|1|UN|5|0,03|0,15|
|C425|901130|1|UN|79|0,51|2,37|
|C425|330020|1|UN|100|0,65|3|
|C425|910120|1|UN|25|0,16|0,75|
|C425|051070|1|UN|1050|6,83|31,5|
|C425|700790|1|UN|29|0,19|0,87|
|C425|680940|1|UN|59|0,38|1,77|
|C425|040453|1|UN|659|4,28|19,77|
|C425|650530|1|UN|17|0,11|0,51|
|C425|840020|1|UN|26|0,17|0,78|
|C425|700760|1|UN|29|0,19|0,87|
|C425|813010|1|UN|55|0,36|1,65|
|C425|813610|1|UN|39|0,25|1,17|
|C425|500941|1|UN|12|0,08|0,36|
|C425|101492|1|UN|49|0,32|1,47|
|C425|500243|2|UN|20|0,14|0,6|
|C425|030100|1|UN|3099|20,14|92,97|
|C425|180273|1|UN|319|2,07|9,57|
|C425|030443|1|UN|584|3,8|17,52|
|C425|031093|1|UN|399|2,59|11,97|
|C425|040440|1|UN|407|2,65|12,21|
|C425|090220|1|UN|133|0,86|3,99|
|C425|100210|1|UN|378|2,46|11,34|
|C425|180190|1|UN|599|3,89|17,97|
|C425|180203|2|UN|789|5,13|23,67|
|C425|180270|1|UN|259|1,68|7,77|
|C425|500500|1|UN|5|0,03|0,15|
|C425|200370|1|UN|329|2,14|9,87|
|C425|290300|1|UN|125|0,81|3,75|
|C425|330250|1|UN|94|0,61|2,82|
|C425|500242|1|UN|9|0,06|0,27|
|C425|813360|3|UN|27|0,18|0,81|
|C425|902930|1|UN|15|0,1|0,45|
|C425|500244|1|UN|16|0,1|0,48|
|C425|500550|1|UN|5|0,03|0,15|
|C425|813550|1|UN|39|0,25|1,17|
|C420|N1|15|||
|C425|980250|3|UN|15|0,1|0,45|
|C490|000|5102|17|10385|10385|1765,45||
|C490|041|5102|0|15|0|0||
|C405|18112011|1|1451|29238|11879910,23|8258|
|C420|01T1700|8258|1||
|C425|701770|1|UN|12|0,08|0,36|
|C425|040470|1|UN|379|2,46|11,37|
|C425|902580|1|UN|5|0,03|0,15|
|C425|500090|1|UN|65|0,42|1,95|
|C425|650180|1|UN|4|0,03|0,12|
|C425|903080|1|UN|139|0,9|4,17|
|C425|104190|1|UN|39|0,25|1,17|
|C425|902590|1|UN|10|0,07|0,3|
|C425|910610|2|UN|14|0,09|0,42|
|C425|701510|1|UN|19|0,12|0,57|
|C425|950151|1|UN|79|0,51|2,37|
|C425|640540|1|UN|9|0,06|0,27|
|C425|901473|1|UN|14|0,09|0,42|
|C425|820810|1|UN|49|0,32|1,47|
|C425|910541|1|UN|99|0,64|2,97|
|C425|502080|1|UN|22|0,14|0,66|
|C425|810352|1|UN|15|0,1|0,45|
|C425|813561|1|UN|45|0,29|1,35|
|C425|810923|1|UN|10|0,07|0,3|
|C425|030353|1|UN|1080|7,02|32,4|
|C425|290260|1|UN|49|0,32|1,47|
|C425|030373|1|UN|1199|7,79|35,97|
|C425|030473|1|UN|1099|7,14|32,97|
|C425|030553|1|UN|1049|6,82|31,47|
|C425|040560|1|UN|299|1,94|8,97|
|C425|100200|1|UN|399|2,59|11,97|
|C425|180190|2|UN|1161|7,54|34,83|
|C425|180270|1|UN|246|1,6|7,38|
|C425|290060|1|UN|259|1,68|7,77|
|C425|810862|1|UN|12|0,08|0,36|
|C425|501550|1|UN|3|0,02|0,09|
|C425|502030|1|UN|19|0,12|0,57|
|C425|900872|1|UN|99|0,64|2,97|
|C425|910782|1|UN|69|0,45|2,07|
|C425|950010|1|UN|129|0,84|3,87|
|C425|970660|1|UN|39|0,25|1,17|
|C425|501351|1|UN|3|0,02|0,09|
|C425|702160|1|UN|17|0,11|0,51|
|C490|000|5102|17|8258|8258|1403,86||
|C405|19112011|1|1452|29269|11888471,23|8561|
|C420|01T1700|8542|1||
|C425|120120|1|UN|278|1,81|8,34|
|C425|031020|1|UN|1549|10,07|46,47|
|C425|330030|1|UN|129|0,84|3,87|
|C425|500610|1|UN|5|0,03|0,15|
|C425|840620|1|UN|55|0,36|1,65|
|C425|970260|1|UN|29|0,19|0,87|
|C425|903080|1|UN|139|0,9|4,17|
|C425|950300|1|UN|89|0,58|2,67|
|C425|030093|1|UN|2199|14,29|65,97|
|C425|902940|1|UN|22|0,14|0,66|
|C425|150420|2|UN|198|1,28|5,94|
|C425|812990|1|UN|79|0,51|2,37|
|C425|180550|1|UN|515|3,35|15,45|
|C425|910960|1|UN|59|0,38|1,77|
|C425|500421|1|UN|5|0,03|0,15|
|C425|810571|1|UN|89|0,58|2,67|
|C425|030373|1|UN|1199|7,79|35,97|
|C425|290033|1|UN|179|1,16|5,37|
|C425|100210|1|UN|360|2,34|10,8|
|C425|150040|1|UN|59|0,38|1,77|
|C425|180270|1|UN|259|1,68|7,77|
|C425|180273|1|UN|319|2,07|9,57|
|C425|200370|1|UN|148|0,96|4,44|
|C425|200530|1|UN|179|1,16|5,37|
|C425|501170|1|UN|5|0,03|0,15|
|C425|290220|2|UN|158|1,02|4,74|
|C425|330050|2|UN|98|0,64|2,94|
|C425|501300|1|UN|5|0,03|0,15|
|C425|810921|1|UN|10|0,07|0,3|
|C425|880260|1|UN|35|0,23|1,05|
|C425|910710|3|UN|21|0,14|0,63|
|C425|910782|1|UN|69|0,45|2,07|
|C420|N1|19|||
|C425|710240|1|UN|19|0,12|0,57|
|C490|000|5102|17|8542|8542|1452,14||
|C490|041|5102|0|19|0|0||
|C405|21112011|1|1453|29286|11892140,23|3669|
|C420|01T1700|3669|1||
|C425|840570|1|UN|65|0,42|1,95|
|C425|813472|1|UN|45|0,29|1,35|
|C425|701811|1|UN|29|0,19|0,87|
|C425|700751|1|UN|9|0,06|0,27|
|C425|901541|1|UN|49|0,32|1,47|
|C425|820190|2|UN|70|0,46|2,1|
|C425|840650|1|UN|9|0,06|0,27|
|C425|650010|1|UN|9|0,06|0,27|
|C425|540310|2|UN|30|0,2|0,9|
|C425|950090|3|UN|36|0,24|1,08|
|C425|030383|1|UN|1399|9,09|41,97|
|C425|900331|1|UN|49|0,32|1,47|
|C425|820460|1|UN|5|0,03|0,15|
|C425|950490|1|UN|529|3,44|15,87|
|C425|910710|7|UN|49|0,32|1,47|
|C425|880360|1|UN|45|0,29|1,35|
|C425|290190|1|UN|55|0,36|1,65|
|C425|290033|1|UN|179|1,16|5,37|
|C425|100200|1|UN|190|1,24|5,7|
|C425|040183|2|UN|818|5,32|24,54|
|C490|000|5102|17|3669|3669|623,73||
|C405|22112011|1|1454|29305|11903891,25|11751|
|C420|01T1700|11675|1||
|C425|060230|1|UN|800|5,2|24|
|C425|890640|1|UN|249|1,62|7,47|
|C425|031050|1|UN|1999|12,99|59,97|
|C425|500581|1|UN|15|0,1|0,45|
|C425|810351|2|UN|18|0,12|0,54|
|C425|502300|2|UN|38|0,25|1,14|
|C425|290280|1|UN|119|0,77|3,57|
|C425|120150|1|UN|55|0,36|1,65|
|C425|810200|1|UN|59|0,38|1,77|
|C425|813300|1|UN|35|0,23|1,05|
|C425|910810|1|UN|499|3,24|14,97|
|C425|910960|1|UN|59|0,38|1,77|
|C425|903281|1|UN|59|0,38|1,77|
|C425|950062|1|UN|17|0,11|0,51|
|C425|102090|1|UN|129|0,84|3,87|
|C425|030950|1|UN|950|6,18|28,5|
|C425|290033|1|UN|179|1,16|5,37|
|C425|031130|1|UN|1299|8,44|38,97|
|C425|031170|1|UN|1849|12,02|55,47|
|C425|040133|1|UN|749|4,87|22,47|
|C425|180270|1|UN|241|1,57|7,23|
|C425|180770|1|UN|1141|7,42|34,23|
|C425|200510|1|UN|549|3,57|16,47|
|C425|970410|1|UN|29|0,19|0,87|
|C425|290190|1|UN|55|0,36|1,65|
|C425|290220|1|UN|76|0,49|2,28|
|C425|290230|1|UN|129|0,84|3,87|
|C425|290300|1|UN|129|0,84|3,87|
|C425|813370|1|UN|16|0,1|0,48|
|C425|902930|1|UN|15|0,1|0,45|
|C425|950310|1|UN|119|0,77|3,57|
|C420|N1|76|||
|C425|980130|1|UN|76|0,49|2,28|
|C490|000|5102|17|11675|11675|1984,75||
|C490|041|5102|0|76|0|0||
|C405|23112011|1|1455|29324|11910343,25|6452|
|C420|01T1700|6452|1||
|C425|031273|1|UN|1999|12,99|59,97|
|C425|102090|1|UN|129|0,84|3,87|
|C425|650710|1|UN|10|0,07|0,3|
|C425|903140|1|UN|129|0,84|3,87|
|C425|660480|1|UN|22|0,14|0,66|
|C425|811670|1|UN|35|0,23|1,05|
|C425|970300|1|UN|85|0,55|2,55|
|C425|901460|1|UN|89|0,58|2,67|
|C425|501650|1|UN|45|0,29|1,35|
|C425|030553|1|UN|473|3,07|14,19|
|C425|500623|1|UN|49|0,32|1,47|
|C425|903081|1|UN|269|1,75|8,07|
|C425|813360|1|UN|9|0,06|0,27|
|C425|502201|1|UN|65|0,42|1,95|
|C425|180270|1|UN|259|1,68|7,77|
|C425|120080|1|UN|139|0,9|4,17|
|C425|040103|1|UN|1399|9,09|41,97|
|C425|030760|1|UN|1247|8,11|37,41|
|C490|000|5102|17|6452|6452|1096,84||
|C405|24112011|1|1456|29346|11915420,26|5077|
|C420|01T1700|5077|1||
|C425|502201|1|UN|65|0,42|1,95|
|C425|840650|1|UN|9|0,06|0,27|
|C425|150420|2|UN|198|1,28|5,94|
|C425|330020|2|UN|210|1,36|6,3|
|C425|900331|1|UN|48|0,31|1,44|
|C425|880220|1|UN|79|0,51|2,37|
|C425|330030|1|UN|129|0,84|3,87|
|C425|500623|1|UN|49|0,32|1,47|
|C425|901930|1|UN|12|0,08|0,36|
|C425|030373|1|UN|1199|7,79|35,97|
|C425|200400|1|UN|399|2,59|11,97|
|C425|200370|1|UN|329|2,14|9,87|
|C425|180940|1|UN|89|0,58|2,67|
|C425|180750|1|UN|900|5,85|27|
|C425|100210|1|UN|379|2,46|11,37|
|C425|040550|1|UN|159|1,03|4,77|
|C425|040520|1|UN|475|3,09|14,25|
|C425|030660|1|UN|349|2,27|10,47|
|C490|000|5102|17|5077|5077|863,09||
|C405|25112011|1|1457|29379|11925415,27|7259|
|C420|01T1700|7250|1||
|C425|650160|1|UN|4|0,03|0,12|
|C425|500241|1|UN|17|0,11|0,51|
|C425|950120|1|UN|49|0,32|1,47|
|C425|813430|1|UN|28|0,18|0,84|
|C425|970180|1|UN|59|0,38|1,77|
|C425|650720|1|UN|8|0,05|0,24|
|C425|790090|1|UN|22|0,14|0,66|
|C425|950310|1|UN|119|0,77|3,57|
|C425|901000|1|UN|39|0,25|1,17|
|C425|150420|1|UN|99|0,64|2,97|
|C425|902970|1|UN|14|0,09|0,42|
|C425|900610|1|UN|12|0,08|0,36|
|C425|911040|1|UN|45|0,29|1,35|
|C425|103030|1|UN|59|0,38|1,77|
|C425|030383|1|UN|1399|9,09|41,97|
|C425|100210|1|UN|379|2,46|11,37|
|C425|030523|1|UN|339|2,2|10,17|
|C425|031073|1|UN|1649|10,72|49,47|
|C425|031110|2|UN|578|3,76|17,34|
|C425|040013|1|UN|525|3,41|15,75|
|C425|090240|2|UN|118|0,76|3,54|
|C425|910710|3|UN|21|0,14|0,63|
|C425|102010|2|UN|28|0,18|0,84|
|C425|120090|1|UN|66|0,43|1,98|
|C425|180270|3|UN|777|5,04|23,31|
|C425|200400|1|UN|499|3,24|14,97|
|C425|200530|1|UN|179|1,16|5,37|
|C425|330090|1|UN|119|0,77|3,57|
|C420|N1|9|||
|C425|980260|1|UN|9|0,06|0,27|
|C490|000|5102|17|7250|7250|1232,5||
|C490|041|5102|0|9|0|0||
|C405|26112011|1|1458|29397|11933205,28|7790|
|C420|01T1700|7790|1||
|C425|051320|1|UN|1003|6,52|30,09|
|C425|120130|1|UN|49|0,32|1,47|
|C425|050840|1|UN|267|1,74|8,01|
|C425|120050|1|UN|159|1,03|4,77|
|C425|501791|1|UN|22|0,14|0,66|
|C425|840160|1|UN|45|0,29|1,35|
|C425|950230|6|UN|66|0,43|1,98|
|C425|902590|3|UN|30|0,2|0,9|
|C425|901473|1|UN|14|0,09|0,42|
|C425|970610|3|UN|41|0,26|1,23|
|C425|501690|1|UN|49|0,32|1,47|
|C425|650580|4|UN|60|0,39|1,8|
|C425|812530|1|UN|39|0,25|1,17|
|C425|030760|1|UN|1399|9,09|41,97|
|C425|180760|1|UN|1399|9,09|41,97|
|C425|031240|2|UN|538|3,5|16,14|
|C425|040290|1|UN|1099|7,14|32,97|
|C425|100200|1|UN|379|2,46|11,37|
|C425|120020|2|UN|197|1,28|5,91|
|C425|180190|1|UN|579|3,76|17,37|
|C425|902930|1|UN|15|0,1|0,45|
|C425|290210|1|UN|155|1,01|4,65|
|C425|330050|1|UN|49|0,32|1,47|
|C425|330210|1|UN|69|0,45|2,07|
|C425|500710|1|UN|9|0,06|0,27|
|C425|810382|1|UN|49|0,32|1,47|
|C425|810921|1|UN|10|0,07|0,3|
|C490|000|5102|17|7790|7790|1324,3||
|C405|28112011|1|1459|29434|11942284,28|8808|
|C420|01T1700|8808|1||
|C425|901473|1|UN|14|0,09|0,42|
|C425|660261|1|UN|29|0,19|0,87|
|C425|900122|1|UN|25|0,16|0,75|
|C425|290280|1|UN|119|0,77|3,57|
|C425|900910|1|UN|35|0,23|1,05|
|C425|650010|2|UN|18|0,12|0,54|
|C425|650220|4|UN|20|0,13|0,6|
|C425|650670|4|UN|24|0,16|0,72|
|C425|030123|1|UN|1452|9,44|43,56|
|C425|901770|1|UN|59|0,38|1,77|
|C425|680270|1|UN|8|0,05|0,24|
|C425|901541|1|UN|49|0,32|1,47|
|C425|902111|1|UN|499|3,24|14,97|
|C425|850070|1|UN|89|0,58|2,67|
|C425|520190|1|UN|139|0,9|4,17|
|C425|840434|1|UN|49|0,32|1,47|
|C425|030353|1|UN|1092|7,1|32,76|
|C425|180270|2|UN|518|3,36|15,54|
|C425|030760|1|UN|573|3,72|17,19|
|C425|031240|1|UN|269|1,75|8,07|
|C425|040530|1|UN|924|6,01|27,72|
|C425|060100|1|UN|398|2,59|11,94|
|C425|100200|1|UN|399|2,59|11,97|
|C425|100210|1|UN|379|2,46|11,37|
|C425|150040|1|UN|57|0,37|1,71|
|C425|950310|1|UN|119|0,77|3,57|
|C425|180770|2|UN|1010|6,57|30,3|
|C425|500710|1|UN|9|0,06|0,27|
|C425|501300|1|UN|5|0,03|0,15|
|C425|501550|1|UN|3|0,02|0,09|
|C425|650200|2|UN|78|0,5|2,34|
|C425|902171|1|UN|299|1,94|8,97|
|C425|950230|4|UN|48|0,31|1,44|
|C490|000|5102|17|8808|8808|1497,36||
|C405|29112011|1|1460|29451|11956272,29|13988|
|C420|01T1700|13988|1||
|C425|910781|1|UN|69|0,45|2,07|
|C425|050950|1|UN|1199|7,79|35,97|
|C425|910720|1|UN|49|0,32|1,47|
|C425|910680|1|UN|15|0,1|0,45|
|C425|105301|1|UN|79|0,51|2,37|
|C425|051320|1|UN|2229|14,49|66,87|
|C425|030870|1|UN|4499|29,24|134,97|
|C425|030760|1|UN|1299|8,44|38,97|
|C425|900591|1|UN|99|0,64|2,97|
|C425|890501|1|UN|99|0,64|2,97|
|C425|180760|1|UN|1399|9,09|41,97|
|C425|180320|1|UN|45|0,29|1,35|
|C425|150040|1|UN|59|0,38|1,77|
|C425|040290|1|UN|1099|7,14|32,97|
|C425|031170|1|UN|1750|11,38|52,5|
|C490|000|5102|17|13988|13988|2377,96||
|C405|30112011|1|1461|29473|11963078,34|6806,05|
|C420|01T1700|6806,05|1||
|C425|903080|1|UN|139|0,9|4,17|
|C425|890520|1|UN|99|0,64|2,97|
|C425|120070|1|UN|139|0,9|4,17|
|C425|220100|1|UN|337|2,19|10,11|
|C425|810351|6|UN|54|0,35|1,62|
|C425|650720|1|UN|8|0,05|0,24|
|C425|701510|2|UN|38|0,25|1,14|
|C425|650710|1|UN|10|0,07|0,3|
|C425|051260|1|UN|850|5,53|25,5|
|C425|900341|1|UN|14|0,09|0,42|
|C425|500622|1|UN|59|0,38|1,77|
|C425|810352|1|UN|15|0,1|0,45|
|C425|700542|1|UN|15|0,1|0,45|
|C425|030940|1|UN|1600|10,4|48|
|C425|290250|1|UN|119|0,77|3,57|
|C425|030960|1|UN|799|5,19|23,97|
|C425|100200|2|UN|778,05|5,05|23,34|
|C425|100210|1|UN|379|2,46|11,37|
|C425|150070|1|UN|59|0,38|1,77|
|C425|290053|1|UN|89|0,58|2,67|
|C425|051060|1|UN|569|3,7|17,07|
|C425|330010|1|UN|52|0,34|1,56|
|C425|500561|1|UN|19|0,12|0,57|
|C425|890501|1|UN|99|0,64|2,97|
|C425|902511|1|UN|79|0,51|2,37|
|C425|903081|1|UN|269|1,75|8,07|
|C425|950310|1|UN|119|0,77|3,57|
|C490|000|5102|17|6806,05|6806,05|1157,03||
|C400|2D|ECF|BE0106SC56001133153|4|
|C405|01112011|1|1126|14240|11119135,7|12466|
|C420|01T1700|12466|1||
|C425|950300|1|UN|99|0,64|2,97|
|C425|040570|1|UN|199|1,29|5,97|
|C425|502190|1|UN|65|0,42|1,95|
|C425|890550|1|UN|199|1,29|5,97|
|C425|890630|1|UN|169|1,1|5,07|
|C425|120070|1|UN|139|0,9|4,17|
|C425|910150|1|UN|38|0,25|1,14|
|C425|040470|1|UN|409|2,66|12,27|
|C425|680700|1|UN|29|0,19|0,87|
|C425|910782|1|UN|79|0,51|2,37|
|C425|680280|1|UN|55|0,36|1,65|
|C425|040453|1|UN|659|4,28|19,77|
|C425|890410|1|UN|110|0,72|3,3|
|C425|680640|1|UN|89|0,58|2,67|
|C425|680990|1|UN|25|0,16|0,75|
|C425|521170|1|UN|220|1,43|6,6|
|C425|812720|1|UN|45|0,29|1,35|
|C425|901411|1|UN|99|0,64|2,97|
|C425|030373|3|UN|3557|23,11|106,71|
|C425|180273|1|UN|319|2,07|9,57|
|C425|030460|1|UN|1359|8,83|40,77|
|C425|031170|1|UN|1800|11,7|54|
|C425|040550|2|UN|358|2,32|10,74|
|C425|090240|1|UN|69|0,45|2,07|
|C425|100160|1|UN|450|2,93|13,5|
|C425|120020|1|UN|99|0,64|2,97|
|C425|150040|1|UN|59|0,38|1,77|
|C425|180270|1|UN|259|1,68|7,77|
|C425|910781|1|UN|79|0,51|2,37|
|C425|180320|2|UN|98|0,64|2,94|
|C425|290290|1|UN|119|0,77|3,57|
|C425|290300|1|UN|129|0,84|3,87|
|C425|290340|1|UN|69|0,45|2,07|
|C425|330090|2|UN|258|1,67|7,74|
|C425|840431|1|UN|69|0,45|2,07|
|C425|890530|2|UN|499|3,24|14,97|
|C425|902511|1|UN|90|0,59|2,7|
|C490|000|5102|17|12466|12466|2119,22||
|C405|03112011|1|1127|14259|11126383,7|7248|
|C420|01T1700|7248|1||
|C425|902511|1|UN|90|0,59|2,7|
|C425|900800|1|UN|99|0,64|2,97|
|C425|105070|2|UN|400|2,61|12|
|C425|901410|1|UN|110|0,72|3,3|
|C425|890450|1|UN|109|0,71|3,27|
|C425|101520|1|UN|69|0,45|2,07|
|C425|910785|1|UN|74|0,48|2,22|
|C425|910783|2|UN|148|0,96|4,44|
|C425|910782|1|UN|69|0,45|2,07|
|C425|910781|1|UN|69|0,45|2,07|
|C425|030100|1|UN|3099|20,14|92,97|
|C425|890501|1|UN|100|0,65|3|
|C425|330090|1|UN|119|0,77|3,57|
|C425|290340|1|UN|59|0,38|1,77|
|C425|290220|1|UN|89|0,58|2,67|
|C425|290033|1|UN|179|1,16|5,37|
|C425|100210|1|UN|379|2,46|11,37|
|C425|040423|1|UN|769|5|23,07|
|C425|040383|1|UN|699|4,54|20,97|
|C425|030533|1|UN|519|3,37|15,57|
|C490|000|5102|17|7248|7248|1232,16||
|C405|04112011|1|1128|14279|11131345,7|4962|
|C420|01T1700|4962|1||
|C425|890501|1|UN|100|0,65|3|
|C425|810571|1|UN|89|0,58|2,67|
|C425|901410|1|UN|110|0,72|3,3|
|C425|680280|1|UN|50|0,33|1,5|
|C425|330240|1|UN|89|0,58|2,67|
|C425|890630|1|UN|169|1,1|5,07|
|C425|950460|1|UN|1199|7,79|35,97|
|C425|030383|1|UN|1399|9,09|41,97|
|C425|330010|1|UN|115|0,75|3,45|
|C425|290300|3|UN|407|2,64|12,21|
|C425|290220|1|UN|79|0,51|2,37|
|C425|200530|1|UN|179|1,16|5,37|
|C425|180270|2|UN|508|3,3|15,24|
|C425|100160|1|UN|469|3,05|14,07|
|C490|000|5102|17|4962|4962|843,54||
|C405|05112011|1|1129|14287|11142371,7|11026|
|C420|01T1700|11026|1||
|C425|030830|1|UN|2599|16,89|77,97|
|C425|040223|1|UN|1599|10,39|47,97|
|C425|180970|1|UN|2900|18,85|87|
|C425|030033|1|UN|2329|15,14|69,87|
|C425|030630|1|UN|1599|10,39|47,97|
|C490|000|5102|17|11026|11026|1874,42||
|C405|07112011|1|1130|14337|1157351,7|14980|
|C420|01T1700|14891|1||
|C425|903080|1|UN|149|0,97|4,47|
|C425|910785|1|UN|79|0,51|2,37|
|C425|950310|3|UN|367|2,38|11,01|
|C425|040123|1|UN|749|4,87|22,47|
|C425|030093|1|UN|2199|14,29|65,97|
|C425|160130|1|UN|389|2,53|11,67|
|C425|040470|1|UN|399|2,59|11,97|
|C425|100053|1|UN|449|2,92|13,47|
|C425|680281|1|UN|35|0,23|1,05|
|C425|910783|1|UN|79|0,51|2,37|
|C425|950300|2|UN|198|1,28|5,94|
|C425|330020|1|UN|109|0,71|3,27|
|C425|330240|2|UN|168|1,09|5,04|
|C425|901000|1|UN|49|0,32|1,47|
|C425|902172|1|UN|320|2,08|9,6|
|C425|103240|1|UN|39|0,25|1,17|
|C425|200390|1|UN|499|3,24|14,97|
|C425|160190|1|UN|399|2,59|11,97|
|C425|030433|1|UN|740|4,81|22,2|
|C425|100160|2|UN|919|5,98|27,57|
|C425|030533|1|UN|539|3,5|16,17|
|C425|030553|1|UN|999|6,49|29,97|
|C425|030770|1|UN|1231|8|36,93|
|C425|030960|1|UN|799|5,19|23,97|
|C425|040393|1|UN|1129|7,34|33,87|
|C425|040550|2|UN|358|2,32|10,74|
|C425|090240|1|UN|69|0,45|2,07|
|C425|910782|1|UN|79|0,51|2,37|
|C425|120090|4|UN|276|1,8|8,28|
|C425|180270|1|UN|250|1,63|7,5|
|C425|180320|1|UN|45|0,29|1,35|
|C425|290290|1|UN|99|0,64|2,97|
|C425|290300|3|UN|397|2,58|11,91|
|C425|290340|2|UN|138|0,9|4,14|
|C425|330050|1|UN|49|0,32|1,47|
|C425|900872|1|UN|100|0,65|3|
|C420|N1|89|||
|C425|710280|1|UN|89|0,58|2,67|
|C490|000|5102|17|14891|14891|2531,47||
|C490|041|5102|0|89|0|0||
|C405|08112011|1|1131|14350|11161989,7|4638|
|C420|01T1700|4638|1||
|C425|030353|1|UN|2250|14,63|67,5|
|C425|040430|1|UN|329|2,14|9,87|
|C425|100160|1|UN|459|2,98|13,77|
|C425|290300|1|UN|139|0,9|4,17|
|C425|290340|1|UN|69|0,45|2,07|
|C425|890530|1|UN|259|1,68|7,77|
|C425|950310|2|UN|249|1,62|7,47|
|C425|050683|1|UN|839|5,45|25,17|
|C425|970370|1|UN|45|0,29|1,35|
|C490|000|5102|17|4638|4638|788,46||
|C405|09112011|1|1132|14366|11169265,7|7276|
|C420|01T1700|7276|1||
|C425|910783|1|UN|79|0,51|2,37|
|C425|200390|1|UN|484|3,15|14,52|
|C425|761380|1|UN|39|0,25|1,17|
|C425|090280|1|UN|189|1,23|5,67|
|C425|120070|1|UN|139|0,9|4,17|
|C425|040570|1|UN|220|1,43|6,6|
|C425|910785|1|UN|79|0,51|2,37|
|C425|030303|1|UN|1940|12,61|58,2|
|C425|290220|1|UN|89|0,58|2,67|
|C425|180243|1|UN|530|3,45|15,9|
|C425|100210|1|UN|379|2,46|11,37|
|C425|100160|1|UN|469|3,05|14,07|
|C425|100030|1|UN|519|3,37|15,57|
|C425|040133|1|UN|765|4,97|22,95|
|C425|030460|1|UN|1356|8,81|40,68|
|C490|000|5102|17|7276|7276|1236,92||
|C405|10112011|1|1133|14385|11175045,7|5780|
|C420|01T1700|5780|1||
|C425|040143|1|UN|850|5,53|25,5|
|C425|950310|1|UN|139|0,9|4,17|
|C425|180380|1|UN|499|3,24|14,97|
|C425|330030|1|UN|139|0,9|4,17|
|C425|890550|1|UN|229|1,49|6,87|
|C425|910785|1|UN|75|0,49|2,25|
|C425|903080|1|UN|149|0,97|4,47|
|C425|040453|1|UN|620|4,03|18,6|
|C425|150420|1|UN|99|0,64|2,97|
|C425|901410|1|UN|119|0,77|3,57|
|C425|880180|1|UN|119|0,77|3,57|
|C425|030960|1|UN|779|5,06|23,37|
|C425|910784|1|UN|69|0,45|2,07|
|C425|900872|1|UN|109|0,71|3,27|
|C425|330090|1|UN|129|0,84|3,87|
|C425|290250|1|UN|129|0,84|3,87|
|C425|290220|1|UN|75|0,49|2,25|
|C425|180270|1|UN|250|1,63|7,5|
|C425|120020|1|UN|109|0,71|3,27|
|C425|100200|1|UN|375|2,44|11,25|
|C425|090240|1|UN|69|0,45|2,07|
|C425|040383|1|UN|650|4,23|19,5|
|C490|000|5102|17|5780|5780|982,6||
|C405|11112011|1|1134|14406|11183252,7|8207|
|C420|01T1700|8207|1||
|C425|701490|1|UN|55|0,36|1,65|
|C425|900600|1|UN|49|0,32|1,47|
|C425|040470|1|UN|399|2,59|11,97|
|C425|180390|1|UN|1099|7,14|32,97|
|C425|160200|1|UN|179|1,16|5,37|
|C425|903080|1|UN|149|0,97|4,47|
|C425|950300|2|UN|189|1,23|5,67|
|C425|813450|1|UN|14|0,09|0,42|
|C425|812000|2|UN|32|0,21|0,96|
|C425|901410|1|UN|110|0,72|3,3|
|C425|106090|1|UN|55|0,36|1,65|
|C425|106100|1|UN|45|0,29|1,35|
|C425|950051|1|UN|12|0,08|0,36|
|C425|812900|1|UN|35|0,23|1,05|
|C425|910950|1|UN|59|0,38|1,77|
|C425|811270|1|UN|12|0,08|0,36|
|C425|840741|1|UN|22|0,14|0,66|
|C425|030130|1|UN|2099|13,64|62,97|
|C425|880080|1|UN|89|0,58|2,67|
|C425|030383|1|UN|1399|9,09|41,97|
|C425|031240|1|UN|269|1,75|8,07|
|C425|100063|1|UN|289|1,88|8,67|
|C425|180270|1|UN|259|1,68|7,77|
|C425|180280|1|UN|90|0,59|2,7|
|C425|290300|1|UN|139|0,9|4,17|
|C425|330130|1|UN|229|1,49|6,87|
|C425|900210|1|UN|12|0,08|0,36|
|C425|902511|1|UN|85|0,55|2,55|
|C425|910781|1|UN|79|0,51|2,37|
|C425|910785|1|UN|75|0,49|2,25|
|C425|950310|2|UN|249|1,62|7,47|
|C425|104660|2|UN|30|0,2|0,9|
|C425|160180|1|UN|149|0,97|4,47|
|C425|680930|1|UN|129|0,84|3,87|
|C425|902690|1|UN|22|0,14|0,66|
|C490|000|5102|17|8207|8207|1395,19||
|C405|12112011|1|1135|14428|11188902,7|5650|
|C420|01T1700|5650|1||
|C425|910785|1|UN|79|0,51|2,37|
|C425|150420|1|UN|109|0,71|3,27|
|C425|950141|1|UN|180|1,17|5,4|
|C425|220383|1|UN|1390|9,04|41,7|
|C425|101200|1|UN|79|0,51|2,37|
|C425|660341|1|UN|159|1,03|4,77|
|C425|890520|1|UN|109|0,71|3,27|
|C425|950390|1|UN|899|5,84|26,97|
|C425|950310|1|UN|119|0,77|3,57|
|C425|040383|1|UN|650|4,23|19,5|
|C425|910784|1|UN|69|0,45|2,07|
|C425|910783|1|UN|79|0,51|2,37|
|C425|500040|1|UN|40|0,26|1,2|
|C425|330090|2|UN|258|1,68|7,74|
|C425|330050|1|UN|59|0,38|1,77|
|C425|180270|1|UN|245|1,59|7,35|
|C425|180190|1|UN|599|3,89|17,97|
|C425|100160|1|UN|469|3,05|14,07|
|C425|090240|1|UN|59|0,38|1,77|
|C490|000|5102|17|5650|5650|960,5||
|C405|14112011|1|1136|14440|11201964,7|13062|
|C420|01T1700|13062|1||
|C425|040430|1|UN|310|2,02|9,3|
|C425|030630|1|UN|1599|10,39|47,97|
|C425|031263|1|UN|499|3,24|14,97|
|C425|031020|1|UN|1440|9,36|43,2|
|C425|180243|1|UN|549|3,57|16,47|
|C425|100063|2|UN|618|4,02|18,54|
|C425|030333|1|UN|1700|11,05|51|
|C425|040290|1|UN|1050|6,83|31,5|
|C425|040223|1|UN|1499|9,74|44,97|
|C425|040173|1|UN|980|6,37|29,4|
|C425|030583|1|UN|1519|9,87|45,57|
|C425|030383|1|UN|1299|8,44|38,97|
|C490|000|5102|17|13062|13062|2220,54||
|C405|16112011|1|1137|14484|11225633,7|23669|
|C420|01T1700|23669|1||
|C425|031260|1|UN|258|1,68|7,74|
|C425|890520|1|UN|99|0,64|2,97|
|C425|330030|2|UN|268|1,74|8,04|
|C425|105106|1|UN|59|0,38|1,77|
|C425|040413|1|UN|379|2,46|11,37|
|C425|950470|2|UN|802|5,21|24,06|
|C425|500550|1|UN|8|0,05|0,24|
|C425|040123|1|UN|335|2,18|10,05|
|C425|950310|1|UN|119|0,77|3,57|
|C425|910785|1|UN|70|0,46|2,1|
|C425|900872|1|UN|109|0,71|3,27|
|C425|502201|1|UN|70|0,46|2,1|
|C425|970180|1|UN|59|0,38|1,77|
|C425|030680|1|UN|623|4,05|18,69|
|C425|500090|2|UN|158|1,02|4,74|
|C425|950300|1|UN|99|0,64|2,97|
|C425|501160|1|UN|10|0,07|0,3|
|C425|330240|2|UN|178|1,16|5,34|
|C425|680690|1|UN|25|0,16|0,75|
|C425|950141|1|UN|189|1,23|5,67|
|C425|841010|1|UN|269|1,75|8,07|
|C425|890341|1|UN|15|0,1|0,45|
|C425|030030|1|UN|1294|8,41|38,82|
|C425|030830|2|UN|2342|15,22|70,26|
|C425|040173|2|UN|1975|12,84|59,25|
|C425|040053|1|UN|1150|7,48|34,5|
|C425|031240|1|UN|269|1,75|8,07|
|C425|030850|1|UN|2400|15,6|72|
|C425|090240|2|UN|138|0,9|4,14|
|C425|030770|1|UN|580|3,77|17,4|
|C425|030760|1|UN|580|3,77|17,4|
|C425|030460|1|UN|1399|9,09|41,97|
|C425|030363|1|UN|1099|7,14|32,97|
|C425|030130|1|UN|956|6,21|28,68|
|C425|330130|1|UN|229|1,49|6,87|
|C425|100063|1|UN|309|2,01|9,27|
|C425|100200|1|UN|399|2,59|11,97|
|C425|100210|4|UN|1292|8,39|38,76|
|C425|120020|1|UN|109|0,71|3,27|
|C425|180273|1|UN|319|2,07|9,57|
|C425|180700|1|UN|1815|11,8|54,45|
|C425|290060|1|UN|259|1,68|7,77|
|C425|290250|2|UN|258|1,68|7,74|
|C425|290290|2|UN|238|1,54|7,14|
|C425|330050|1|UN|59|0,38|1,77|
|C490|000|5102|17|23669|23669|4023,73||
|C405|17112011|1|1138|14500|11234497,7|8864|
|C420|01T1700|8864|1||
|C425|290250|1|UN|129|0,84|3,87|
|C425|040453|1|UN|659|4,28|19,77|
|C425|532170|1|UN|40|0,26|1,2|
|C425|031030|1|UN|1209|7,86|36,27|
|C425|330050|1|UN|59|0,38|1,77|
|C425|290290|1|UN|119|0,77|3,57|
|C425|030130|1|UN|1958|12,73|58,74|
|C425|290060|1|UN|259|1,68|7,77|
|C425|040530|1|UN|929|6,04|27,87|
|C425|040103|1|UN|1599|10,39|47,97|
|C425|040013|1|UN|1129|7,34|33,87|
|C425|030433|1|UN|775|5,04|23,25|
|C490|000|5102|17|8864|8864|1506,88||
|C405|18112011|1|1139|14521|11241761,7|7264|
|C420|01T1700|7264|1||
|C425|910782|1|UN|69|0,45|2,07|
|C425|903573|1|UN|300|1,95|9|
|C425|970080|1|UN|49|0,32|1,47|
|C425|680940|3|UN|207|1,35|6,21|
|C425|890550|1|UN|229|1,49|6,87|
|C425|680930|1|UN|129|0,84|3,87|
|C425|040123|1|UN|730|4,75|21,9|
|C425|950310|2|UN|238|1,54|7,14|
|C425|910783|1|UN|75|0,49|2,25|
|C425|030133|1|UN|1799|11,69|53,97|
|C425|910781|1|UN|75|0,49|2,25|
|C425|290250|1|UN|129|0,84|3,87|
|C425|200530|1|UN|179|1,16|5,37|
|C425|100200|1|UN|450|2,93|13,5|
|C425|100063|1|UN|309|2,01|9,27|
|C425|031093|1|UN|399|2,59|11,97|
|C425|030433|1|UN|799|5,19|23,97|
|C425|030363|1|UN|1099|7,14|32,97|
|C490|000|5102|17|7264|7264|1234,88||
|C405|19112011|1|1140|14528|11252923,7|11162|
|C420|01T1700|11162|1||
|C425|030033|1|UN|2320|15,08|69,6|
|C425|030820|1|UN|1144|7,44|34,32|
|C425|030800|1|UN|791|5,14|23,73|
|C425|220650|1|UN|1693|11|50,79|
|C425|030680|1|UN|571|3,71|17,13|
|C425|950470|1|UN|395|2,57|11,85|
|C425|030830|1|UN|1144|7,44|34,32|
|C425|950440|1|UN|1139|7,4|34,17|
|C425|250520|1|UN|439|2,85|13,17|
|C425|100210|1|UN|168|1,09|5,04|
|C425|100200|1|UN|399|2,59|11,97|
|C425|100030|1|UN|519|3,37|15,57|
|C425|030951|1|UN|440|2,86|13,2|
|C490|000|5102|17|11162|11162|1897,54||
|C405|21112011|1|1141|14576|11265279,7|12356|
|C420|01T1700|12356|1||
|C425|680940|1|UN|69|0,45|2,07|
|C425|030033|1|UN|2399|15,59|71,97|
|C425|290270|4|UN|386|2,5|11,58|
|C425|330030|2|UN|264|1,71|7,92|
|C425|680930|1|UN|129|0,84|3,87|
|C425|890550|3|UN|658|4,28|19,74|
|C425|500140|2|UN|118|0,76|3,54|
|C425|050840|1|UN|599|3,89|17,97|
|C425|180510|1|UN|999|6,49|29,97|
|C425|680501|1|UN|33|0,21|0,99|
|C425|500090|2|UN|158|1,02|4,74|
|C425|680281|1|UN|35|0,23|1,05|
|C425|901130|1|UN|85|0,55|2,55|
|C425|180253|1|UN|309|2,01|9,27|
|C425|840160|1|UN|42|0,27|1,26|
|C425|903290|1|UN|49|0,32|1,47|
|C425|910810|1|UN|399|2,59|11,97|
|C425|970370|1|UN|45|0,29|1,35|
|C425|030133|1|UN|1799|11,69|53,97|
|C425|502201|1|UN|75|0,49|2,25|
|C425|031240|1|UN|259|1,68|7,77|
|C425|040173|1|UN|1049|6,82|31,47|
|C425|180280|1|UN|89|0,58|2,67|
|C425|290250|1|UN|129|0,84|3,87|
|C425|330010|1|UN|115|0,75|3,45|
|C425|330050|1|UN|59|0,38|1,77|
|C425|330250|1|UN|99|0,64|2,97|
|C425|160140|1|UN|179|1,16|5,37|
|C425|840431|1|UN|69|0,45|2,07|
|C425|910781|1|UN|75|0,49|2,25|
|C425|910783|1|UN|75|0,49|2,25|
|C425|910784|2|UN|138|0,9|4,14|
|C425|910785|1|UN|75|0,49|2,25|
|C425|950310|1|UN|139|0,9|4,17|
|C425|040123|1|UN|729|4,74|21,87|
|C425|040570|2|UN|428|2,78|12,84|
|C490|000|5102|17|12356|12356|2100,52||
|C405|22112011|1|1142|14590|11274882,7|9603|
|C420|01T1700|9603|1||
|C425|180590|1|UN|259|1,68|7,77|
|C425|813100|1|UN|59|0,38|1,77|
|C425|200360|1|UN|219|1,42|6,57|
|C425|040203|1|UN|1699|11,04|50,97|
|C425|031273|1|UN|1939|12,6|58,17|
|C425|290033|1|UN|179|1,16|5,37|
|C425|030100|1|UN|2975|19,34|89,25|
|C425|180270|1|UN|259|1,68|7,77|
|C425|120090|1|UN|69|0,45|2,07|
|C425|100200|1|UN|399|2,59|11,97|
|C425|100160|1|UN|459|2,98|13,77|
|C425|040550|1|UN|159|1,03|4,77|
|C425|040530|1|UN|929|6,04|27,87|
|C490|000|5102|17|9603|9603|1632,51||
|C405|23112011|1|1143|14600|11277447,7|2565|
|C420|01T1700|2565|1||
|C425|040183|1|UN|900|5,85|27|
|C425|040383|1|UN|699|4,54|20,97|
|C425|180270|1|UN|259|1,68|7,77|
|C425|330250|1|UN|99|0,64|2,97|
|C425|812200|1|UN|79|0,51|2,37|
|C425|680930|1|UN|120|0,78|3,6|
|C425|040470|1|UN|409|2,66|12,27|
|C490|000|5102|17|2565|2565|436,05||
|C405|24112011|1|1144|14622|11287279,7|9832|
|C420|01T1700|9832|1||
|C425|680501|1|UN|40|0,26|1,2|
|C425|903573|1|UN|329|2,14|9,87|
|C425|150420|1|UN|109|0,71|3,27|
|C425|902430|1|UN|279|1,81|8,37|
|C425|050683|1|UN|839|5,45|25,17|
|C425|330240|1|UN|89|0,58|2,67|
|C425|890340|1|UN|59|0,38|1,77|
|C425|680930|1|UN|120|0,78|3,6|
|C425|330030|1|UN|129|0,84|3,87|
|C425|030030|1|UN|2899|18,84|86,97|
|C425|950310|1|UN|139|0,9|4,17|
|C425|290290|1|UN|119|0,77|3,57|
|C425|290250|2|UN|258|1,68|7,74|
|C425|220223|1|UN|949|6,17|28,47|
|C425|100063|1|UN|299|1,94|8,97|
|C425|031240|1|UN|269|1,75|8,07|
|C425|030960|1|UN|769|5|23,07|
|C425|030533|1|UN|539|3,5|16,17|
|C425|030253|1|UN|1599|10,39|47,97|
|C490|000|5102|17|9832|9832|1671,44||
|C405|25112011|1|1145|14635|11296024,7|8745|
|C420|01T1700|8745|1||
|C425|290060|1|UN|259|1,68|7,77|
|C425|890081|1|UN|69|0,45|2,07|
|C425|180550|1|UN|539|3,5|16,17|
|C425|090280|1|UN|179|1,16|5,37|
|C425|031190|1|UN|959|6,23|28,77|
|C425|950310|1|UN|139|0,9|4,17|
|C425|290290|1|UN|119|0,77|3,57|
|C425|030393|1|UN|1549|10,07|46,47|
|C425|200370|1|UN|329|2,14|9,87|
|C425|180770|1|UN|1149|7,47|34,47|
|C425|100200|1|UN|399|2,59|11,97|
|C425|040560|1|UN|299|1,94|8,97|
|C425|040530|2|UN|1858|12,08|55,74|
|C425|040183|1|UN|899|5,84|26,97|
|C490|000|5102|17|8745|8745|1486,65||
|C405|26112011|1|1146|14647|11299986,7|3962|
|C420|01T1700|3962|1||
|C425|040103|1|UN|1350|8,78|40,5|
|C425|200530|1|UN|179|1,16|5,37|
|C425|290220|1|UN|89|0,58|2,67|
|C425|290250|1|UN|129|0,84|3,87|
|C425|031020|1|UN|1549|10,07|46,47|
|C425|680930|1|UN|119|0,77|3,57|
|C425|160130|1|UN|399|2,59|11,97|
|C425|500090|1|UN|79|0,51|2,37|
|C425|910720|1|UN|69|0,45|2,07|
|C490|000|5102|17|3962|3962|673,54||
|C405|28112011|1|1147|14680|11324396,7|24120|
|C420|01T1700|24120|1||
|C425|910782|1|UN|79|0,51|2,37|
|C425|290190|1|UN|69|0,45|2,07|
|C425|290230|1|UN|139|0,9|4,17|
|C425|290250|1|UN|129|0,84|3,87|
|C425|290290|1|UN|119|0,77|3,57|
|C425|330010|1|UN|119|0,77|3,57|
|C425|330210|1|UN|69|0,45|2,07|
|C425|290053|1|UN|189|1,23|5,67|
|C425|030113|1|UN|2799|18,19|83,97|
|C425|031160|1|UN|1769|11,5|53,07|
|C425|105106|1|UN|59|0,38|1,77|
|C425|031030|1|UN|1299|8,44|38,97|
|C425|950141|1|UN|179|1,16|5,37|
|C425|070460|1|UN|679|4,41|20,37|
|C425|810760|1|UN|79|0,51|2,37|
|C425|030100|1|UN|2809|18,26|84,27|
|C425|040560|1|UN|319|2,07|9,57|
|C425|030303|1|UN|1999|12,99|59,97|
|C425|030473|1|UN|1099|7,14|32,97|
|C425|030760|1|UN|1299|8,44|38,97|
|C425|031180|1|UN|2799|18,19|83,97|
|C425|040103|1|UN|1339|8,7|40,17|
|C425|040430|1|UN|315|2,05|9,45|
|C425|220223|1|UN|999|6,49|29,97|
|C425|090240|3|UN|207|1,35|6,21|
|C425|100160|1|UN|469|3,05|14,07|
|C425|100200|2|UN|778|5,05|23,34|
|C425|100210|2|UN|758|4,92|22,74|
|C425|180243|1|UN|549|3,57|16,47|
|C425|180270|2|UN|518|3,36|15,54|
|C425|180280|1|UN|89|0,58|2,67|
|C490|000|5102|17|24120|24120|4100,4||
|C405|29112011|1|1148|14689|11334258,7|9862|
|C420|01T1700|9862|1||
|C425|030130|1|UN|2040|13,26|61,2|
|C425|030533|1|UN|539|3,5|16,17|
|C425|031073|1|UN|1649|10,72|49,47|
|C425|040103|1|UN|1399|9,09|41,97|
|C425|040223|1|UN|1599|10,39|47,97|
|C425|290053|1|UN|199|1,29|5,97|
|C425|031120|1|UN|949|6,17|28,47|
|C425|031030|1|UN|1299|8,44|38,97|
|C425|950141|1|UN|189|1,23|5,67|
|C490|000|5102|17|9862|9862|1676,54||
|C405|30112011|1|1149|14701|11336923,7|2665|
|C420|01T1700|2665|1||
|C425|031240|1|UN|289|1,88|8,67|
|C425|100063|1|UN|309|2,01|9,27|
|C425|330130|1|UN|229|1,49|6,87|
|C425|500040|1|UN|45|0,29|1,35|
|C425|890550|1|UN|200|1,3|6|
|C425|031030|1|UN|1299|8,44|38,97|
|C425|950141|1|UN|180|1,17|5,4|
|C425|103240|1|UN|35|0,23|1,05|
|C425|811060|1|UN|79|0,51|2,37|
|C490|000|5102|17|2665|2665|453,05||
|C990|2763|
|D001|0|
|D100|0|1|800006976|08|00|U||024213||18112011|30112011|||184,11||2|184,11|184,11|12,89||||
|D190|000|2353|7,00|184,11|184,11|12,89|0||
|D100|0|1|800006984|08|00|U||049849||16112011|22112011|||1387,00||2|1387,00|1387,00|166,44||||
|D190|000|2353|12,00|1387,00|1387,00|166,44|0||
|D100|0|1|800006987|08|00|U||139690||31102011|22112011|||16,38||2|16,38|16,38|1,15||||
|D190|000|2353|7,02|16,38|16,38|1,15|0||
|D100|0|1|800006989|08|00|U||855674||29102011|08112011|||90,40||2|90,40|90,40|6,33||||
|D190|000|2353|7,00|90,40|90,40|6,33|0||
|D100|0|1|800006989|08|00|U||867106||16112011|23112011|||2893,96||2|2893,96|2893,96|202,58||||
|D190|000|2353|7,00|2893,96|2893,96|202,58|0||
|D100|0|1|800006987|08|00|U||139689||31102011|22112011|||819,16||2|819,16|819,16|57,34||||
|D190|000|2353|7,00|819,16|819,16|57,34|0||
|D100|0|1|800006987|08|00|U||150933||14112011|28112011|||7958,09||2|7958,09|7958,09|557,07||||
|D190|000|2353|7,00|7958,09|7958,09|557,07|0||
|D100|0|1|800006987|08|00|U||152095||16112011|30112011|||3204,71||2|3204,71|3204,71|224,33||||
|D190|000|2353|7,00|3204,71|3204,71|224,33|0||
|D100|0|1|800006989|08|00|U||875134||25112011|30112011|||920,38||2|920,38|920,38|64,43||||
|D190|000|2353|7,00|920,38|920,38|64,43|0||
|D990|20|
|E001|0|
|E100|01112011|30112011|
|E110|98273,1|0|0|0|48130,02|0|18589,86|0|0|31553,22|0|31553,22|0|0|
|E111|CE020002|Crédito Antecipado|18589,86|
|E116|000|31553,22|20122011|1015|||||112011|
|E990|6|
|G001|1|
|G990|2|
|H001|1|
|H990|2|
|1001|0|
|1700|03|01|||120020|120033|201003857|
|1700|03|01|||120035|120037|201003857|
|1700|03|01|||120039|120086|201003857|
|1700|03|01|||120088|120090|201003857|
|1700|03|01|||120093|120107|201003857|
|1700|03|01|||120110|120112|201003857|
|1700|03|01|||120114|120120|201003857|
|1700|03|01|||120122|120122|201003857|
|1700|03|01|||120124|120125|201003857|
|1700|03|01|||120127|120145|201003857|
|1700|03|01|||120147|120154|201003857|
|1700|03|01|||120156|120161|201003857|
|1700|03|01|||120163|120178|201003857|
|1990|15|
|9001|0|
|9900|0000|1|
|9900|0001|1|
|9900|0005|1|
|9900|0100|1|
|9900|0150|38|
|9900|0190|4|
|9900|0200|710|
|9900|0220|66|
|9900|0500|1|
|9900|0990|1|
|9900|C001|1|
|9900|C100|240|
|9900|C170|846|
|9900|C190|243|
|9900|C400|2|
|9900|C405|48|
|9900|C420|60|
|9900|C425|1262|
|9900|C490|60|
|9900|C990|1|
|9900|D001|1|
|9900|D100|9|
|9900|D190|9|
|9900|D990|1|
|9900|E001|1|
|9900|E100|1|
|9900|E110|1|
|9900|E111|1|
|9900|E116|1|
|9900|E990|1|
|9900|G001|1|
|9900|G990|1|
|9900|H001|1|
|9900|H990|1|
|9900|1001|1|
|9900|1700|13|
|9900|1990|1|
|9900|9001|1|
|9900|9900|41|
|9900|9990|1|
|9900|9999|1|
|9990|44|
|9999|3676|
