|0000|004|1|01122011|31122011|LOJAS CARROSSEL COMERCIO E REPRESENTACOES LTDA|23455967000163||CE|060730463|2304400|||B|1|
|0001|0|
|0005|LOJAS CARROSSEL|60125160|RUA VISCONDE DE MAUA|2085||ALDEOTA|8532614533||lojascarrossel@hotmail.com|
|0100|JOSE ADRIANO PONTES FEITOSA|26472830363|CE011117O6||60025100|RUA MAJOR FACUNDO|844|SALAS 42 E 44|CENTRO|8532532340||adrianofeitosa44@yahoo.com.br|2304400|
|0150|28|TRANSLATINO - LPS TRANSPORTES LTDA|1058|07655778000269||336836272119|3518800||PRACA SAO FRANCISCO DE OLIVEIRA|12||CUMBICA|
|0150|888|CEARENSE FORMULARIOS E EDITORA LTDA|1058|06207131000120||061781029|2304285||Rua Judith Martins|150||Tamatanduba|
|0150|2485|CIL COM. DE INFORM. LTDA - FOR|1058|24073694000589||062639579|2304400||ROD. BR 116, KM 06, NR 06 - MODS. 20/21||2555 MODULOS 20 E 21|CAJAZEIRAS|
|0150|6251|UNIMED FORT. SOCIEDA.COOPERAT.MEDICA LTDA|1058|05868278000280|||2304400||Av Visconde do Rio Branco|4000||SAO JOAO DO TAUAPE|
|0150|6345|GBS ENGENHARIA UNDA (584)|1058|35554591000204||069921245|2304400||Ru UNei Vidal|1846||Joaquim Távora|
|0150|7777|BECHARA SULEIMAN CIA LTDA|1058|63401665000127||068635834|2304400||R CONDE DEU|617||CENTRO|
|0150|11363|RODOVIARIO RAMOS LTDA|1058|25100223009965|||3301702||WASHINGTON LUIZ|7749||GRAMACHO|
|0150|100003254|VTI SERV.COM.E SOL.EM TEC.DA INFORM|1058|07836401000125||062025805|2304400||R Tibúrcio Cavalcante|1573||Meireles|
|0150|100003631|FUJISAN CENTRO DE HEMOT HEMAT DO CEARA|1058|07871676000108|||2304400||Barao de Studart|2626||Joaquim Tavora|
|0150|100004676|RENT A TRUCK OPER LOGISTICO LTDA|1058|01034009000429||336889419113|3518800||R BENEDITO CLIMERIO SANTANA 300 GP A||ARMAZEM 14/15||
|0150|800006019|LUSITANIA EMP.TURISTICOS LTDA|1058|03586356000228||063211068|2304400||Av Beira Mar|2600||Meireles|
|0150|800006974|ESMALTEC S A|1058|02948030000230||063050536|2307650||AVENIDA PARQUE OESTE|2130||DISTRITO INDUSTRIAL|
|0150|800006976|CONEXAO TRANSPORTES DIST E LOG LTDA|1058|63318604000281|||3518800||R Rua Paschoal Ricci|30||Jardim Presidente Dutra|
|0150|800006977|LOJAS CARROSSEL COMERCIO E REPRESENTACOES LTDA|1058|23455967000163|||2304400||RUA VISCONDE DE MAUA,2085 ALDEOTA|||ALDOTA|
|0150|800006983|WHIRLPOOL S.A.|1058|59105999006036||033829900|2607901||Av . Eixo da integracao|689||Bloco C2-C3|
|0150|800006984|MLOG ARMAZEM GERAL LTDA-GUARARAPES|1058|05117268000989||18158003410011|2607901||AV.EIXO DA INTEGRACAO, 689 - Bloco C2-C3||BL.D.GLD5 SALA 01||
|0150|800006985|MABE BRASIL ELETRODOMESTICOS LTDA|1058|60736279001250||748018519117|3519071||PQ PARQUE INDUSTRIAL BS CONTINEN|||JD.SAO CAMILO|
|0150|800006986|WHIRPOOL S.A|1058|59105999003959||250050889|4209102||DONA FRANCISCA|7200||INDUSTRIAL|
|0150|800006987|MLOG ARMAZEM GERAL LTDA-JLLE|1058|05117268000806||255247770|4209102||DONA FRANCISCA 7200||||
|0150|800006989|MLOG ARMAZEM GERAL LTDA-RC|1058|05117268000555||587274102112|3543907||AV. 80-A 77||||
|0150|800006990|PANASONIC DO BRASIL LIMITADA|1058|04403408000165||062001167|1302603||Rua Matrinxa|1155||D.INDUSTRIAL|
|0150|800006991|WHIRLPOOL ELETROMESTICOS AM S.A|1058|63699839000180||062001256|1302603||Av Torquato Tapajós|7500||Colônia Terra Nova|
|0150|800006992|PANASONIC DO BRASIL LIMITADA|1058|04403408000912||645482612112|3549904||Ro Presidente Dutra|155||Jardim das Indústrias|
|0150|800006994|ZAIRTON GASPAR DE OLIVEIRA FILHO|1058||12211680372||2304400||R R.BARBOSA DE FREITAS 171 APTO 500|||MEIRELES|
|0150|800006996|ALIMPORT DIST.IND.UTILID.DOMES.LTDA|1058|02169801000100||114898724110|3550308||R Cruzeiro|443|||
|0150|800007034|MLS TRANSP. E CARGAS LTDA|1058|11114508000218||336249093118|3518800||AV. JUSTINO DE MAIO, 840|840||Cidade Industrial SatÚlit|
|0150|800007035|TRAMONTINA NORDESTE S/A|1058|15205628000109||00637301|2930709||RODOVIA BR 324||KM 17S/N,|CIA|
|0150|800007037|MADSON ELETROMETALURGICA LTDA|1058|20520367000224||0622699600147|3106200||R R JERONIMO MARCUCCI, 74||||
|0150|800007040|FULL FIT IND.IMPORT. COM. LTDA|1058|60963378000112||105886513118|3550308||Av Thomás Edison|956|||
|0150|800007041|MK ELETRODOMESTICOS LTDA|1058|07666567000140||67475400|2908507||ESTRADA DA VOLTA 1200|1200|GALPAO 02|COLONIA BRASILIA|
|0150|800007042|IRMAOS FISCHER S/A IND.E COM.|1058|82984287000104||250176475|4202909||RD Antônio Heil|5600||Limoeiro|
|0150|800007043|TRAMONTINA FARROUPILHA S/A IND.MET|1058|87834883000113||0450005682|4307906||RD. RS 122 KM 61 DISTR. INDL.||S/N|INDUSTRIAL|
|0150|800007075|PHILIPS DO BRASIL LTDA|1058|61086336014406||7070084780224|3170701||R Otto Salgado|250||Distrito Industrial Cláud|
|0150|800007077|CEVA LOGISTCS LTDA|1058|43854116006484||407414996117|3525904||Av Engenheiro Tasso Pinheiro|1111||Distrito Industrial|
|0150|800007078|PHILIPS DO BRASIL LTDA.|1058|61086336001851||062001060|1302603||Avenida Torquato Tapajos|2236|Parte|Flores|
|0150|800007079|ELECTROLUX DO BRASIL S.A|1058|76487032004384||637314973110|3548906||R RODOVIA SP 318 S/N-KM245||||
|0150|800007144|OSTER DO BRASIL COM.DE PROD. ELETR. LTDA|1058|10227217000192||148307107118|3550308||RUA ALEXANDRE DUMAS|2100|2 AND SL 21|CHACARA STO ANTONIO|
|0150|800007150|RODOVIARIO RAMOS LTDA|1058|25100223012320||671098426112|3552403||ADAUTO CAMPO DALL ORTO||S/N|JARDIM MANCHESTER|
|0150|800007159|ROTECSUL COMERCIO|1058|10302464000106||78591315|3301702||Rua: Santa Cecilia|5||Figueira|
|0150|800007173|METAVILA INDUSTRIA METALURGICA LTDA|1058|05991206000144||0170105784|4303509||RUA DR. JOAO FERREIRA|218||MARIA DA GRACA|
|0150|800007176|MABE ITU ELETRODOMESTICOS S.A|1058|02147737000167|||3519071||PQ PARQUE INDUSTRIAL BS CONTINEN|||Jardim São Camilo|
|0150|800007179|MARQUISE SUL EMPREEND IMOBILIARIOS LTDA|1058|08626548000153||062099663|2304400||Av Pontes Vieira|1838|SALA 03|DIONIZIO TORRES|
|0150|800007204|LUSITANIA EMPREEND.TURISTICOS LTDA|1058|03586356000147||062911015|2304400||Av. Beira Mar|2600||Meireles|
|0150|800007237|CBI INDUSTRIA E COMERCIO LTDA|1058|02093397000562||062893908|2927408||R RUA GENARO DE CARVALHO,150||||
|0150|800007238|KLEBER GALIZA MOTA-EPP|1058|09187611000165||063577917|2304285||AV LITORANEA|1000||Centro|
|0150|800007252|FERNANDA DE OLIVEIRA VIANA|1058||51836937300||2304400||R Tibúrcio Cavalcante|2777||Dionisio Torres|
|0150|800007255|TECNOLAFE EQUIPAMENTOS MEDICOS LTDA|1058|63359863000170||068616449|2304400||R Tibúrcio Cavalcante|2388||Dionisio Torres|
|0150|800007257|PROCARGO TRANSPORTES LTDA|1058|11114508000137||336903332113|3518800||AV. JUSTINO DE MAIO,840 - Cumbica||||
|0150|800007259|ARVOREDO INCORPORA?OES SPE LTDA|1058|10235015000192|||2304400||R Carlota Pinheiro|255||Guararapes|
|0150|800007260|MRV MAGIS III INCORPORAÇOES SPE LTD|1058|13622463000137||065703227|2304400||R Artur de Sousa||S/N|Mondubim|
|0150|800007263|E N LACERDA DOS SANTOS ME|1058|08801070000150||062086243|2304400||RUA VASCO DA GAMA|921|A|MONTESE|
|0150|800007264|PHILIPS DA AMAZONIA IND ELET.LTDA|1058|04182861000199||062001060|1302603||AV AV.TORQUATO TAPAJOS,2236||||
|0150|800007265|ARNO S.A.|1058|61064978001507|||3509205||R RUA JULIO GALEOTI 200-B||||
|0150|800007266|RODOVIARIO RAMOS LTDA|1058|25100223001123|||3550308||PEDRO TAQUES PIRES|686|2 ANDAR|PQ NOVO MUNDO|
|0150|800007267|SOL SOLID.OPEROSIDADE LIBERDADE|1058|04794861000140|||2304400||R Jamaica|410||Antônio Diogo|
|0150|800007268|AEROTEC MONTADORA LTDA|1058|04191082000150|||2607901||Es da Luz|||Santo Aleixo|
|0150|800007269|MAK-INOX INDUSTRIA METALURGICA LTDA|1058|53528865000191|||3550308||R RUA ARACATI,139||||
|0150|800007270|MARCOS DE PAULA MIRANDA|1058||00110400330||2304400||R Visconde de Maua|1925||Meireles|
|0150|800007271|A.V.N.COMERCIO E REPRESENTACOES LTD|1058|03081801000117|||2304400||Av Dom Luís|500|SALA 714|Meireles|
|0150|800007272|MARCIA MALENA RIBEIRO BENICIO|1058||12936825865||2304400||R Osvaldo Cruz|1772||Meireles|
|0150|800007273|NILZA MARIA SANTANA DE OLIVEIRA|1058||75794484756||2304400||R Joaquim Nabuco|500|||
|0150|800007274|MONIQUE MA.VASCONCELOS DE CARVALHO|1058||99265184353||2304400||R General Tertuliano Potiguara|1895||Aldeota|
|0150|800007275|TAMARA DE BRITO PEDROSA|1058||43723377017||2304400||Tr Monsenhor Catão|1377||Aldeota|
|0150|800007276|SUSANA PEREIRA|1058||75342592585||2304400||R Monsenhor Bruno|200||Meireles|
|0150|800007277|HIDRAUSUL COM.MAT.ELET.E HID.LTDA|1058|02035256000160|||2304400||Av Alberto Craveiro|630||Dias Macedo|
|0150|800007278|SUPORTE HOSPITALAR LTDA|1058|03710247000190|||2304400||R Tibúrcio Cavalcante|2969||Dionisio Torres|
|0150|800007279|LUKAS ALDER|1058||18772145234||2310704||R Agapito Cordeiro||FAZENDA ITAPARATI S/|Centro|
|0150|800007281|ANDREA BENEVIDE|1058||04914044846||2304400||R Joaquim Lima|381||Papicu|
|0150|800007282|MURILO CAMARA|1058||68151592648||2301000||R VIA LOCAL|3757|RUA ANIQUIM 3757|Centro|
|0150|800007284|GISLENE OLIVEIRA DE LIMA|1058||22254407864||2311801||R Dom Lino||S/NAV.CEL.ARAUJO LIM|Centro|
|0150|800007286|DEBORA FERNANDES FREITAS|1058||53951034300||2304400||Av Rui Barbosa|539||Meireles|
|0150|800007287|ABDALLAH LEROY|1058||85707201068||2304285||AV LITORANEA||S/N|Centro|
|0150|800007288|PROF.CLAUDIO BASTOS|1058||92085162290||2301000||R VIA LOCAL||RUA DOS MARINHEIROS|Centro|
|0150|800007289|ELECTROLUX DO BRASIL S.A. - GJK|1058|76487032004031||9040482080|4106902||AV JUSCELINO K OLIVEIRA||4329 PORTAO C|CIC|
|0150|800008026|LOJAS CARROSSEL COM. E REP.LTDA|1058|23455967000597||066697743|2304400||WASHINGTON SOARES||85 TERREO L.58A085|Edson Queiroz|
|0150|800008028|WHIRLPOOL S.A.|1058|59105999000348||587083307116|3543907||Av 80 A|777||Distrito Industrial|
|0150|800008044|ROCHA ENG.E PROJ.AEROP.LTDA|1058|07628737000100|||2304400||Av Antônio Sales|1317||Joaquim Távora|
|0150|800008072|C.ROLIM ENGENHARIA LTDA.-011856|1058|35094382000144||068629192|2304400||RUA PEDRO BORGES 20 TERRACO 2|01|3455.8000|CENTRO|
|0150|800008073|SOC.BENEF.JOAQUIM BENTO CAVALCANTE|1058|23467467000141|||2303709||R Juaci Sampaio Pontes|1696||Padre Julio Maria|
|0150|800008074|SULPLASTICOS COMERCIAL LTDA|1058|04883786000193|||2304400||RUA DR.JOSE LOURENÇO 870 LOJA 7|||MEIRELES|
|0150|800008075|CBI INDUSTRIA E COMERCIO LTDA.|1058|02093397000481||78406801|3304144||RUA E||S/NLOTE 1 QUADRA 3|CAMPO ALEGRE|
|0150|800008076|JORGE GABY|1058||72538663474||1501402||R Municipalidade|1080||Umarizal|
|0150|800008077|ILDAMIR PEREIRA ELLER|1058||72921167360||2304285||AV LITORANEA|2040|AV LITORANEA 2040 LO|Centro|
|0150|800008078|AZIZ ARY NETO|1058||36850667300||2304400||Vi Arariús|55||Praia de Iracema|
|0150|800010024|FONTEPECAS LTDA|1058|02781591000107||062716816|2304400||RUA PADRE MORORË||780|CENTRO|
|0150|800010774|TERMACO SÃO PAULO|1058|11552312000710||336686100114|3518800||AV Avenida Lauro de Gusmão Silvei|718||Jardim São Geraldo|
|0190|UN|unidad|
|0190|PC|pacote|
|0190|PEC|pecote|
|0190|KT|UNIDADE|
|0190|JG|jogo|
|0200|030053|REF.BRASTEMP F.FREE 420L BRM42 BR|||UN|00||||||
|0200|030130|REF.BRASTEMP F.FREE 352L BRM39 INOX|||UN|00||||||
|0200|030253|SEC.BRASTEMP/PISO ROTAT.BSR10A BR|||UN|00||||||
|0200|030303|LAVALOUCA BRASTEMP 12SERV.BLE12 BR|||UN|00||||||
|0200|030333|LAVAROUPA BRASTEMP 11KG BWL11 INOX|||UN|00||||||
|0200|030353|LAVASECA BRASTEMP 7kg/4Kg BWS24 PRATA|||UN|00||||||
|0220|PC|1,000|
|0200|030363|LAVAROUPA BRASTEMP 8KG BWB08A|||UN|00||||||
|0220|PC|1,000|
|0200|030373|LAVAROUPA TOTAL BRASTEMP 9KG BWL09A|||UN|00||||||
|0200|030383|LAVAROUPA BRASTEMP 11Kg BWL11 BR|||UN|00||||||
|0220|PC|1,000|
|0200|030433|FOGAO BRASTEMP CLEAN 4B BFO50BB BR|||UN|00||||||
|0200|030443|FOGAO BRASTEMP CLEAN 6B BFO76BB BR|||UN|00||||||
|0200|030450|FOGAO BRASTEMP CLEAN 4B BFO50 INOX|||UN|00||||||
|0200|030460|FOGAO BRASTEMP CLEAN 6B BFO76 INOX|||UN|00||||||
|0200|030473|AR SPLIT BRASTEMP 9000BTU BBV09/BBY09|||UN|00||||||
|0200|030483|AR SPLIT BRASTEMP 12000BTU BBV12/BBY12|||UN|00||||||
|0200|030523|DEPURADOR BRASTEMP DE VILLE 4B BAA60|||UN|00||||||
|0200|030533|DEPURADOR BRASTEMP DE VILLE 6B BAA80|||UN|00||||||
|0200|030543|DEPUR.BRASTEMP QUALITY 4B XAT60 INOX|||UN|00||||||
|0200|030553|DEPUR.BRASTEMP QUALITY 6B XAT80 INOX|||UN|00||||||
|0200|030910|COOKTOP BRASTEMP 5B GAS VIDRO BDD76|||UN|00||||||
|0200|030940|FRIGO.BRASTEMP PORT/VIDRO 80L BZA08|||UN|00||||||
|0200|030960|ADEGA BRASTEMP 12GARRFAS BZC12 PRETA|||UN|00||||||
|0200|030970|FRIGOBAR BRASTEMP 120L BRC12X INOX|||UN|00||||||
|0200|031130|COIFA BRASTEMP BAI91 INOX|||UN|00||||||
|0200|031170|FOG.BRASTEMP ATIVE 5B EMB. BY776 INOX|||UN|00||||||
|0200|031240|ASPIRADOR PO BRASTEMP CLEAN B7B14A|||UN|00||||||
|0200|040013|REF.CONSUL F.FREE 360L CRB36 BR|||UN|00||||||
|0200|040053|REF.CONSUL 360L DUPLEX CRD36F BR|||UN|00||||||
|0200|040103|FREEZER CONSUL 260L CVU26D BR|||UN|00||||||
|0200|040133|FRIGOBAR CONSUL 120L CRC12A BR|||UN|00||||||
|0200|040173|FREEZER CONSUL 200L CVU20D BR|||UN|00||||||
|0200|040183|FREEZER CONSUL 100LTS CVT10B BRANCO|||UN|00||||||
|0200|040213|REF.CONSUL F.FREE 330L CRM33A BR|||UN|00||||||
|0200|040223|REF.CONSUL F.FREE 370L CRM37 BR|||UN|00||||||
|0200|040250|AR COND.CONSUL 7500 CCN07 C/CONT.|||UN|00||||||
|0200|040280|AR COND.CONSUL 12000 CCY12A C/CONTROLE|||UN|00||||||
|0200|040290|AR COND.CONSUL 10000 CCN10 C/CONT.|||UN|00||||||
|0200|040340|AR CONDICIONADO CONSUL 18000 CCI18C|||UN|00||||||
|0200|040383|FOG.CONSUL FACILITE 4B CF550 INOX|||UN|00||||||
|0200|040393|FOG.CONSUL FACILITE 6B CF576 INOX|||UN|00||||||
|0200|040423|LAVAROUPA CONSUL 7KG CWI07 BR|||UN|00||||||
|0220|PC|1,000|
|0200|040430|DEPURADOR CONSUL 4B CAT60 INOX|||UN|00||||||
|0200|040440|DEPURADOR CONSUL 6B CAT80 INOX|||UN|00||||||
|0200|040520|AR SPLIT CONSUL 12000BTU CBV12/CBY12|||UN|00||||||
|0200|040550|ASPIRADOR PO CONSUL LEVE C7P13B|||UN|00||||||
|0200|040560|ASPIRADOR PO CONSUL SUPER C7A14A|||UN|00||||||
|0200|050610|FOGAO CONT.SPLENDIDO 6B INOX|||UN|00||||||
|0200|070420|TV CCE 14 TELA PLANA TV-1418|||UN|00||||||
|0200|090220|CENTRIFUGA NKS TSK445 BRANCA|||UN|00||||||
|0200|090240|GRILL/SANDUICHEIRA NKS I-15 PRETA/IN|||UN|00||||||
|0200|100030|FOGAO ESMALTEC SAMOA 4B INOX 4013|||UN|00||||||
|0200|100160|GELAGUA ESMALTEC EGC35B INOX PR|||UN|00||||||
|0200|100200|GELAGUA COLUNA ESMALTEC EGC35B|||UN|00||||||
|0200|100210|GELAGUA MESA ESMALTEC EGM30 BR|||UN|00||||||
|0200|120020|LIQUIDIFICADOR C/FILTRO MONDIAL L-51|||UN|00||||||
|0200|120060|PANIFICADORA MONDIAL PF-51|||UN|00||||||
|0200|120080|VENTILADOR COLUNA 40CM MONDIAL V-61|||UN|00||||||
|0200|120090|VENTILADOR 30CM MONDIAL NV-31|||UN|00||||||
|0200|120110|CIRCULADOR TORRE MONDIAL CT-01|||UN|00||||||
|0200|150040|VENTILADOR MALLORY BOREAL 30CM|||UN|00||||||
|0200|150070|SANDUICHEIRA MALLORY GRILLMAX|||UN|00||||||
|0200|180203|F.MIC.PANASONIC FAMILY 35L NN-ST669|||UN|00||||||
|0200|180280|TEL.S/FIO PANASONIC KXTG1371(1,9GHz)|||UN|00||||||
|0200|180290|TELEF.BINA PANASONIC KXTG1381(1,9GHZ)|||UN|00||||||
|0200|180420|MINI SYSTEM PANASONIC SC-AKX52LB|||UN|00||||||
|0200|180580|RAMAL/SECRET.PANASONIC KX-TG6522|||UN|00||||||
|0200|180590|TEL.RAMAL/BINA PANASONIC KX-TG6512|||UN|00||||||
|0200|180700|TV PANASONIC PLASMA 5O 3D TC-P50UT50B|||UN|00||||||
|0200|180770|TV PANASONIC LCD DTV 32 TC-L32C30B|||UN|00||||||
|0200|180790|TV PANASONIC LCD 42 TC-L42U30B|||UN|00||||||
|0220|PEC|1,000|
|0200|180920|SUPORTE P/TV LCD 17 A 60 FIXO|||UN|00||||||
|0200|180930|SUPORTE P/TV LCD 26 A 32 ARTICULADO|||UN|00||||||
|0200|220143|LAVAROUPA ELECTROLUX 6KG LTE06|||UN|00||||||
|0200|220183|LAVAROUPA ELECTROLUX 9KG LTE09|||UN|00||||||
|0200|220223|REF.ELECTROLUX DISPENSER RW34 BR|||UN|00||||||
|0200|290060|FORNO ELETRICO SUGGAR 23L FE2322 INOX|||UN|00||||||
|0200|290190|SANDUICHEIRA SUGGAR SD-2022|||UN|00||||||
|0200|290220|LIQUID.SUGGAR LIQMAX LQ2222|||UN|00||||||
|0200|290260|JARRA ELETRICA SUGGAR JR1002|||UN|00||||||
|0200|290290|PANELA ELETRICA SUGGAR PE1022|||UN|00||||||
|0200|290300|CAFETEIRA SUGGAR 20XIC.INOX CF2022|||UN|00||||||
|0200|330050|FERRO WALITA AUTOMATICO RI133|||UN|00||||||
|0200|330090|BATEDEIRA WALITA RI7110|||UN|00||||||
|0200|330150|LIQUID. WALITA ALUMINIO RI2094|||UN|00||||||
|0200|330210|LIQUID. WALITA 2V RI2008|||UN|00||||||
|0200|330250|SANDUIC.WALITA GRILL 2386 PANINI|||UN|00||||||
|0200|502201|BAND./ALCA OVAL INOX GR MIMO BJ1106|||UN|00||||||
|0200|502371|SUPORTE/PAREDE/UTENS.MIMO ASA9157|||UN|00||||||
|0200|650200|PROTETOR P/GARRAFAO AQUAXIQUE|||UN|00||||||
|0200|660090|GARRAFA TERM.SAMBA QUICK 1L COLOR|||UN|00||||||
|0200|701410|MINI LIMPADOR CABO HUDSON EV-CD|||UN|00||||||
|0200|701750|LUVA P/LIMPEZA/MICROF.HUDSON EVFWMM|||UN|00||||||
|0200|710020|ESCORREDOR 20PRATOS MAK INOX|||UN|00||||||
|0200|740300|KIT CANETA/ABRIDOR/VINHO PALAN.TMH966|||UN|00||||||
|0200|812930|LUVAS/SILICONE EDFORT CREME GAL27|||UN|00||||||
|0200|812960|RALADOR QUEIJO BONECA EDF.RAL|||UN|00||||||
|0200|840970|PRATO GITATORIO 40CM BENC.74106|||UN|00||||||
|0200|880080|FRIGID.32 MASTER MULTIFLON 46032|||UN|00||||||
|0200|890210|JG.6PANELAS TRAMONT.INOX 65510/200|||UN|00||||||
|0200|890390|FAQUEIRO/EST.101PCS TRAMOT.66932/865|||UN|00||||||
|0200|901080|PORTA GELEIA/COLHER FULL 13782|||UN|00||||||
|0200|902110|ADEGA P/8GAR.C/FRIGOBAR FULL 25149|||UN|00||||||
|0200|910710|SALADEIRA KING RICAELLE PM7B/12|||UN|00||||||
|0200|910781|JG.6TACAS CLAUDIA V.TINTO RICAELLE|||UN|00||||||
|0200|910782|JG.6TACAS CLAUDIA V.BRANCO RICAELLE|||UN|00||||||
|0200|910784|JG.6TACAS CLAUDIA LICOR RICAELLE|||UN|00||||||
|0200|910785|JG.6TACAS CLAUDIA CHAMPANHE RICAELLE|||UN|00||||||
|0200|950310|CHURRASQ.ELET.FISCHER GRILL 4513|||UN|00||||||
|0200|950370|COIFA PARED FISCHER TALENT 90cm.5456|||UN|00||||||
|0200|950490|FORNO ELETRICO FISCHER 44L INOX 9982|||UN|00||||||
|0200|040123|FRIGOBAR CONSUL 80L CRC08A BR|||UN|00||||||
|0220|PC|1,000|
|0200|040570|ASPIRADOR PO CONSUL FACILITE C7P14A|||UN|00||||||
|0200|100220|GELAGUA MESA ESMALTEC EGM30 ESTILO|||UN|00||||||
|0200|180380|MINI SYSTEM PANASONIC SC-AKX80|||UN|00||||||
|0200|900692|MURAL/FOTO PRETO 15 FOTOS FULL 17079|||UN|00||||||
|0200|900980|PORTA DETERG./ESPONJA FULL 14564|||UN|00||||||
|0200|902050|PEGADOR P/CABO SILIC.FULL 14775|||UN|00||||||
|0200|950120|JG.AMERICANO 4PCS YOI AHG479|||UN|00||||||
|0200|030093|FREEZER BRASTEMP F.F 280L BVR28 BR|||UN|00||||||
|0200|030123|REF.BRASTEMP INVERSE 422L BRE50 INOX|||UN|00||||||
|0200|030300|LAVALOUCA BRASTEMP 12SERV.BLE12 INOX|||UN|00||||||
|0200|031120|COIFA BRASTEMP BAI60 INOX|||UN|00||||||
|0200|031160|FOG.BRAST.ATIVE 5B TIMER BF776 INOX|||UN|00||||||
|0200|040203|REF.CONSUL F.FREE 330 CRM33 INOX|||UN|00||||||
|0200|050973|REF.BOSCH GLASS 445L KDN50X ESPELHO|||UN|00||||||
|0200|051060|COOKTOP BOSCH 2B GAS INOX PCD-345C|||UN|00||||||
|0200|051323|REFRIGER.BOSCH DUPLEX 342L KSV36 BR|||UN|00||||||
|0220|PEC|1,000|
|0200|111130|CARTELA C/3 COLHERES NOLIA 7006|||UN|00||||||
|0200|120130|ESPREMEDOR PREMIUM MONDIAL E-02|||UN|00||||||
|0200|180910|REF.PANASONIC INVERTER 512L NRD512YZ|||UN|00||||||
|0200|220133|LAVAROUPA ELECTROLUX 15KG LA15F|||UN|00||||||
|0200|330030|LIQ.WALITA 3V FILTRO/ESPATULA RI2034|||UN|00||||||
|0200|500050|CAFETEIRA ALUM.P/9 XIC.MIMO AF09|||UN|00||||||
|0200|500820|ESCUMADEIRA MIMO ASA3|||UN|00||||||
|0200|710190|PORTA GUARDANAPOS PEQ.MAK-INOX|||UN|00||||||
|0200|813550|GARRAFA TERMICA 1L COLOR EDFORT GAF|||UN|00||||||
|0200|880010|CHURRASQUEIRA 28 MULTIFLON 54528|||UN|00||||||
|0200|890520|JG.P/SERVIR TP/VIDRO TRAMONT.3PCS 64310|||UN|00||||||
|0200|890550|JG.PANELAS TRAMONT.5PCS 65650700|||UN|00||||||
|0200|950400|COOKTOP INOX 4B FISCHER 4720-9548|||UN|00||||||
|0200|200360|DVD PHILIPS KARAOKE/MIC.DVP-3350KMX|||UN|00||||||
|0200|040143|REF.CONSUL DEGELO SECO 300L CRA30 BR|||UN|00||||||
|0200|050840|DEP.BOSCH PROFESSIONAL 6B DHB845 INOX|||UN|00||||||
|0200|090280|FORNO ELETRICO NKS DKS-690|||UN|00||||||
|0200|680940|QUEIJEIRA VERONA SOYUS|||UN|00||||||
|0200|840620|PRATO GIRAT.35CM BENC.740|||UN|00||||||
|0200|840980|PRATO GITATORIO 45CM BENC.74107|||UN|00||||||
|0200|940400|PORTA ROUPAS PVC/TRANSP.JAQUES 559|||UN|00||||||
|0200|090310|DVD/GAME/KARAOKE NKS DVD4600|||UN|00||||||
|0200|050910|REFRIGERAD.ALL BOSCH 380L KSR39 INOX|||UN|00||||||
|0200|100053|FOGAO ESMALTEC HAWAII 6B 6005 BR|||UN|00||||||
|0200|160120|PANELA ELET.P/ARROZ OSTER 6028|||UN|00||||||
|0200|220303|REF.ELECTROLUX F.FREE DF50 BR|||UN|00||||||
|0200|500630|CORTADOR/QUEIJO MIMO ASA12|||UN|00||||||
|0200|650720|TOALHA MESA REDON.NATAL 1,60CM YANGZI|||UN|00||||||
|0200|901130|6TACAS SORVETE.JULIA FULL 55604|||UN|00||||||
|0200|901610|SOUPLAT INOX 33CM FULL 12658|||UN|00||||||
|0200|950300|CHURRASQ.ELET.FISCHER SWIFT 4665|||UN|00||||||
|0200|050990|REF.BOSCH F.FREE 403L KDN43A INOX|||UN|00||||||
|0200|500560|PICADOR/CEBOLA CROM.MIMO SF9214|||UN|00||||||
|0200|840230|JG.P/BOLO CERAM.2P?S 26CM BENC.8400|||UN|00||||||
|0200|902482|ESCORREDOR 32X22 GRANDE FULL 2006|||UN|00||||||
|0200|030630|LAVALOUCA BRASTEMP 8SERV.PLE20 PRATA|||UN|00||||||
|0200|050543|FOGAO CONT.PERFETTO 4B FSF12 BR|||UN|00||||||
|0200|120040|MINI PROCESSADOR MONDIAL MP-01|||UN|00||||||
|0200|120050|GRILL PREMIUM MONDIAL G-01|||UN|00||||||
|0200|180253|F.MIC.PANASONIC PERFECT NN-ST568|||UN|00||||||
|0200|330020|LIQUIDIFICADOR WALITA 3V RI2035/00|||UN|00||||||
|0200|330240|ESPREMEDOR|||UN|00||||||
|0200|701420|MINI LIMPADOR HUDSON EV-FGR-M|||UN|00||||||
|0200|710010|ESCORREDOR 16PRATOS MAK INOX|||UN|00||||||
|0200|710270|ESCORREDOR 16PRATOS MAKINOX COLOR|||UN|00||||||
|0200|812010|LUVAS/SILICONE EDFORT GL234|||UN|00||||||
|0200|850050|CHAPA DUPLA FACE 280X230 FUMIL|||UN|00||||||
|0200|901860|JG DOMINO 12 CASAS FULL 14568|||UN|00||||||
|0200|902230|GARRAFA P/AGUA 1000ML FULL 14893|||UN|00||||||
|0200|902270|FRIG.WOK TP/VIDRO 32CM FULL 13892|||UN|00||||||
|0220|PC|1,000|
|0200|040233|REF.CONSUL F.FREE 450L CRM45 INOX|||UN|00||||||
|0200|050553|FOGAO CONT. PERFETTO 6B FSK12 BR|||UN|00||||||
|0200|050683|REFRIG. CONTINENTAL 270L RC27 BR|||UN|00||||||
|0200|050983|REF.BOSCH F.FREE 403L KDN43A BR|||UN|00||||||
|0200|051070|COOKTOP BOSCH 2B VITROCERAMIC PKC345|||UN|00||||||
|0200|051220|FOG.BOSCH STYLE GRILL 4B HSF43I INOX|||UN|00||||||
|0200|051320|FOGAO BOSCH EXPR.GRIL 5B EM.INOX HEK|||UN|00||||||
|0200|104190|BALDE KABALLA SORTIDOS 10710|||UN|00||||||
|0200|680690|PRATO PLANO COM ABA SOYUS|||UN|00||||||
|0200|710280|ESCORREDOR 20PRATOS MAKINOX COLOR|||UN|00||||||
|0200|902600|COOLER P/6LONG NECK FULL 15794 AZ|||UN|00||||||
|0200|902650|ESCOVA/BANHEIRO/SUP.PAPEL FULL 13015|||UN|00||||||
|0220|PC|1,000|
|0200|701110|ABRIDOR 3X1 HUDSON EV31CS|||UN|00||||||
|0200|902430|RECHAUD RETAG.3L INOX FULL 13071|||UN|00||||||
|0200|040453|LAVAROUPA CONSUL 6KG CWI06 BR|||UN|00||||||
|0200|050993|REF.BOSCH SIDE BY SIDE KAN60 INOX|||UN|00||||||
|0200|680660|SALADEIRA PANDORA 360 SOYUS|||UN|00||||||
|0200|150420|VENTILADOR MALLORY ZEFIRO 40CM|||UN|00||||||
|0200|530090|PRATO P/BOLO RED.40CM ROGEMAC 8514|||UN|00||||||
|0200|910720|JG.P/BOLO KING 7PCS RICAELLE NGR12S|||UN|00||||||
|0200|180550|DVD HOME THEATER PANASONIC SC-PT75LB|||UN|00||||||
|0200|520200|JG/JANTAR 20PCS AMARYGE ALIMP.P196120|||UN|00||||||
|0200|980220|POTE RED.FREE/MIC PLASVALE 1,75L R443|||UN|00||||||
|0200|902950|POTE VIDRO/TP MAD.22,5CM FULL 46108|||UN|00||||||
|0200|813100|JG.6XIC.CAPUCCINO EDF.FE707/711/721|||UN|00||||||
|0200|940430|PORTA BOLSA JAQUES 614|||UN|00||||||
|0200|180400|MINI SYSTEM PANASONIC SC-AKX10|||UN|00||||||
|0200|700800|POTE RET.C/3DIV.5L HUDSON KX71512|||UN|00||||||
|0200|761380|PETISQUEIRA 18CM BRILHAN.16/094/18|||UN|00||||||
|0200|700242|POTE PLAST.P/CONSERVA HUDSON MS31315|||UN|00||||||
|0200|900171|TABUA VIDRO SORT. 20X30 FULL 18874/18876/18877|||UN|00||||||
|0200|200390|DISC PLAYER PHILIPS BLUR-RAY BDP3100X|||UN|00||||||
|0200|901200|6TACAS COCKTAIL NATAL.FULL 55863|||UN|00||||||
|0200|901541|TABUA/FACA/VID/QUEIJO 30C FULL 16648|||UN|00||||||
|0200|902111|ADEGA P/12GARRAFAS FULL FIT 25276|||UN|00||||||
|0200|910960|PORTA GELO 15CM RICAELLE 9713/150|||UN|00||||||
|0200|911040|SALADEIRA RONA 24CM RICAELLE 5150/240|||UN|00||||||
|0200|700951|CJ.VASILHA/COLHER ANIMAL HUD.MS58444|||UN|00||||||
|0200|030143|FREEZER BRASTEMP 240L BVG24G BR|||UN|00||||||
|0200|030830|FREEZER BRASTEMP F.F 280L BVR28 INOX|||UN|00||||||
|0200|031093|FORNO MIC.BRASTEMP ATIVE 30L BMS45BR|||UN|00||||||
|0200|031110|F.MIC.BRASTEMP KING SIZE 38L BMX40 INOX|||UN|00||||||
|0200|040360|CLIMATIZADOR CONSUL PORTATIL CIF06AB|||UN|00||||||
|0200|040530|AR SPLIT CONSUL 9000BTU CBV09/CBY09|||UN|00||||||
|0200|040540|AR SPLIT CONSUL 18000BTU CBV18/CBY18|||UN|00||||||
|0200|103110|KIT.RODO,BALDE,REFIL,ROTECSUL|||UN|00||||||
|0220|KT|1,000|
|0200|103120|REFIL P/RODO ROTECSUL|||UN|00||||||
|0200|104020|COPO LONG DRINK KABALLA 10150|||UN|00||||||
|0200|180190|F.MIC.PANASONIC FLAT PANAG.NNGF580 PR|||UN|00||||||
|0200|180243|F.MIC.PANASONIC STYLE NNGD587 INOX|||UN|00||||||
|0200|180320|TELEFONE PANASONIC KX-TS9LBW|||UN|00||||||
|0200|180940|SUPORTE P/TV LCD 37 A 42 ARTICULADO|||UN|00||||||
|0200|200370|MICRO SYSTEM PHILIPS MCM-166X/78|||UN|00||||||
|0220|PC|1,000|
|0200|250520|ADEGA GE P/23 GARRAFAS AVGEP23|||UN|00||||||
|0200|290033|DEPURADOR SUGGAR SIRIUS 4B DS62 BR|||UN|00||||||
|0200|290053|DEPURADOR SUGGAR SIRIUS 6B DS82 BR|||UN|00||||||
|0200|290200|PASSADEIRA SUGGAR/VAPOR PV4261|||UN|00||||||
|0200|290210|PASSADEIRA SUGGAR/VAPOR/PROF.PV6282|||UN|00||||||
|0200|290250|BATEDEIRA BATPLUS SUGGAR BT9022 INOX|||UN|00||||||
|0200|290310|VENTILADOR TORRE SUGGAR 74CM VE7422|||UN|00||||||
|0200|500160|CAFETEIRA ALUM.P/3 XIC.MIMO AF03|||UN|00||||||
|0200|660230|GARRAFA TERM.MELODY QUICK 1L COLOR|||UN|00||||||
|0200|701070|SUP. P/COZ.OVO POCHE HUDSON MS50560|||UN|00||||||
|0200|710370|ESCORREDOR P/12PRATOS INOX MAK-INOX|||UN|00||||||
|0200|710380|ESCORREDOR/COPOS INOX MAK-INOX|||UN|00||||||
|0200|900031|JARRA ECOL HAND 1500ML FULL 56164|||UN|00||||||
|0200|902171|JG.JANTAR PORC.42PCS RAIN FUL.15416|||UN|00||||||
|0200|902284|TRAVESSA PORCEL.ALCA 40CM FULL 16212|||UN|00||||||
|0200|902511|JG.6TACAS SOBREMESA VEGA FULL 56589|||UN|00||||||
|0200|910760|CUPULA SUMMER PEQ.15CM RICAELLE 311|||UN|00||||||
|0200|950330|COIFA ISLAND FISCHER 5455|||UN|00||||||
|0200|970410|BOMBONIERE VIDRO CONTHEY 134406|||UN|00||||||
|0200|180870|CAMERA DIGITAL PANASONIC DMC-FH2LB|||UN|00||||||
|0200|500082|JG.4TACAS SILVER P/AGUA MIMO TCS02|||UN|00||||||
|0200|500550|PA PARA BOLO MIMO ASA15|||UN|00||||||
|0200|501170|ESPATULA P/PATE MIMO ASA66|||UN|00||||||
|0200|850270|SANDUIC.2 PAES/FORMA FUMIL 737|||UN|00||||||
|0200|031020|FOG.BRASTEMP ATIVE MAX.4B INOX BF760AR|||UN|00||||||
|0200|031150|FOG.BRASTEMP ATIVE 5B GRILL BF876 BR|||UN|00||||||
|0200|051110|COOKTOP BOSCH 5B GAS INOX PCL755|||UN|00||||||
|0200|120170|KIT COZINHA COMPLETA MONDIAL KT06|||UN|00||||||
|0200|290270|FERRO MADRI SUGGAR S/FIO FR4022|||UN|00||||||
|0200|900037|JG.FONDUE 2X1 ACO E CERAMICA 16066|||UN|00||||||
|0200|902530|PILAO/BAMBU 5CM FULL 15756|||UN|00||||||
|0200|500610|FACA 23CM MIMO ASA39|||UN|00||||||
|0200|900750|SALADEIRA/MOLHEIRA FULL 17347|||UN|00||||||
|0200|902250|FRIG.28CM CABO/SILICONE FULL 14888|||UN|00||||||
|0200|910150|PORTA PAO RICAELLE 132|||UN|00||||||
|0200|160110|CAFETEIRA PROGRAM.OSTER 24XIC.4281|||UN|00||||||
|0200|180510|MINI SYSTEM PANASONIC SC-AKX74LBK|||UN|00||||||
|0200|902285|TRAVESSA PORCEL.ALCA 25CM FULL 16213|||UN|00||||||
|0200|502300|JG.AMERICANO 4PCS COLOR MIMO JA105|||UN|00||||||
|0200|902580|COOLER P/LATINHA FULL 15789 PRETO|||UN|00||||||
|0200|031140|F.MIC./ELET.BRASTEMP 31L BMD35 ALUM.|||UN|00||||||
|0200|290170|MAQUINA/GELO SUGGAR MG-1022 PRATA|||UN|00||||||
|0200|290280|GRILL PETISCO SUGGAR GR3032|||UN|00||||||
|0200|501140|COLHER P/ARROZ MIMO ASA2|||UN|00||||||
|0200|501740|BAND.RETANG.MEDIO MIMO YK9123|||UN|00||||||
|0200|890560|BAIXELA TRAMONT.COSMOS 7PCS 64310080|||UN|00||||||
|0200|700880|CLIPS P/SACO HUDSON PR6014|||UN|00||||||
|0200|051210|FOG.BOSCH STYLE GRILL 5B HSK44I INOX|||UN|00||||||
|0200|090130|RADIO RELOGIO AM/FM NKS GL-324|||UN|00||||||
|0200|901830|JG.2TACAS SORVETE/COLHER FULL 14559|||UN|00||||||
|0200|050620|FOGAO CONT.G.PRIX 5B FSK14I INOX|||UN|00||||||
|0200|660300|BALDE/GELO/PINCA/INOX M.SHOP 570428|||UN|00||||||
|0200|680310|TACA TROPICAL GIGANTE SOYUS|||UN|00||||||
|0200|050600|FOGAO CONT.SPLENDIDO 4B INOX|||UN|00||||||
|0200|950151|JG.CHURRASCO/BOLSA 4PCS YOI|||UN|00||||||
|0200|540310|VEU COBRE JARRA INFINITY|||UN|00||||||
|0200|900021|BANDEJA INOX PERLE REGEN. FULL 13912|||UN|00||||||
|0200|103240|JOGO P/BANHEIRO 4PCS J.F.C|||UN|00||||||
|0200|812990|PETISQUEIRA EDFORT BA008|||UN|00||||||
|0200|902450|RECHAUD P/SOPA 4L FULL 13342|||UN|00||||||
|0200|902960|POTE VIDRO/TP MAD.9,7CM FULL 46124|||UN|00||||||
|0200|902970|POTE VIDRO/TP MAD.16CM FULL 46125|||UN|00||||||
|0200|903150|BOLSA TERMICA/PVC CABANAZ FULL 1614|||UN|00||||||
|0200|520020|JG.2PCS AZEITE/VINAG.ALIMP.BG49015|||UN|00||||||
|0200|040460|CENTRIFUGA CONSUL SEC FACIL C2A05B|||UN|00||||||
|0200|900890|JG.6TACAS/SORVETE FULL 12269INOX|||UN|00||||||
|0200|902370|DISP.P/VINAGRE/OLEO FULL 14013|||UN|00||||||
|0200|910810|JG.30 TACAS LAURA RICAELLE LA030|||UN|00||||||
|0200|970120|JG.JANTAR 20PCS 2FILETES D1442 CONTHEY|||UN|00||||||
|0200|970430|PETISQUEIRA 2GARFOS CONTHEY 144470|||UN|00||||||
|0200|970560|BANDEJA DE BAMBU CONTHEY D1458|||UN|00||||||
|0200|680920|CINZEIRO CANADA SOYUS|||UN|00||||||
|0200|502382|PRENDEDOR/EMB.SILIC.4PCS MIMO SN1063|||UN|00||||||
|0200|030393|LAVAROUPA BRASTEMP ATIVE MJ 9K BWT09|||UN|00||||||
|0200|104030|COPO P/SUCO KABALLA SORTIDOS 10220|||UN|00||||||
|0200|500040|CAFETEIRA ALUM.P/6 XIC.MIMO AF06|||UN|00||||||
|0200|501300|RALADOR MIMO ASA16|||UN|00||||||
|0200|810891|PEG.UNIVERSAL 20,5CM EDFORT. GL203|||UN|00||||||
|0200|890360|FAQUEIRO LAGUNA 42PCS TRAMOT.66906/774|||UN|00||||||
|0200|890370|FAQUEIRO LAGUNA 76PCS TRAMOT.66906/30|||UN|00||||||
|0200|890422|LIXEIRA INOX 5L TRAMONTINA 94538/05|||UN|00||||||
|0200|890440|LIXEIRA C/PEDAL 3L INOX TRAM.94538/03|||UN|00||||||
|0200|950360|COOKTOP VIDRO 4B FISCHER PR 1519-5713|||UN|00||||||
|0200|950390|COOKTOP VIDRO 5B FISCHER TCHAMA 1743|||UN|00||||||
|0200|950450|F.MICROONDAS FISCHER EMB.INOX 6946|||UN|00||||||
|0200|950460|COIFA PARED FISCHER TALENT 60cm.9347|||UN|00||||||
|0200|120150|LIQUIDIFICADOR 2V MONDIAL L-26|||UN|00||||||
|0200|500290|ESCORREDOR MULT.INOX C/AL?A MIMO A5000|||UN|00||||||
|0200|501130|CONCHA MIMO ASA1|||UN|00||||||
|0200|680020|JARRA IMPERIO GRANDE SOYUS|||UN|00||||||
|0200|902710|JG.5FACAS/QUEIJO FULL 13774|||UN|00||||||
|0200|031260|F.MIC.BRASTEMP OVEN GRIL 30L BMT45 INOX|||UN|00||||||
|0200|031263|F.MIC.BRASTEMP OVEN GRIL 30L BMF45 BR|||UN|00||||||
|0200|500170|CHALEIRA INOX MIMO AJ10129|||UN|00||||||
|0200|500790|GARFO P/COZINHA MIMO ASA4|||UN|00||||||
|0200|501080|ESPATULA FECHADA MIMO ASA6|||UN|00||||||
|0200|680930|PRATO P/BOLO VERONA SOYUS|||UN|00||||||
|0200|890340|JG.P/FRIOS 2PCS INOX TRAMOTINA 64510|||UN|00||||||
|0200|890380|JG.5PANELAS ALEGRA TRAMONT.65650/300|||UN|00||||||
|0200|120070|CENTRIFUGA JUICE MONDIAL CF-02|||UN|00||||||
|0200|500140|JG UTENCIL.C/7P?S(PAREDE)AS7A MIMO|||UN|00||||||
|0200|104200|TACA GIULIA 190ML KABALLA 10266|||UN|00||||||
|0200|104300|TACA GLORIA 400ML KABALLA 10268|||UN|00||||||
|0200|220100|AR COND ELECTROLUX 7500 EC07F|||UN|00||||||
|0200|890500|JG. P/SERVIR OVAL 3PCS 64510184|||UN|00||||||
|0200|4513|CHURRASQUEIRA ELET FISCHER GRILL|7896513308213||UN|00||||||
|0200|4720|FOGAO COOKTOP FISCHER 4Q GAS MESA INOX|7896513308572||UN|00||||||
|0200|500090|JG.UTENCIL.C/07PCS(GIRAT.)MIMO AS7|||UN|00||||||
|0200|500770|DESCASCADOR/LEGUMES MIMO ASA22|||UN|00||||||
|0200|680970|JARRA PARIS SOYUS|||UN|00||||||
|0200|890450|LIXEIRA C/PEDAL 12L INOX TRAM.94538/12|||UN|00||||||
|0200|120030|MINIFORNO MONDIAL FR-02|||UN|00||||||
|0200|760054|FRUTEIRA C/PE BRILHANTE 06/307/13|||UN|00||||||
|0200|940350|KIT CAIPIRINHA PLAST SHOW|||UN|00||||||
|0200|120120|CENTRIFUGA PREMIUM MONDIAL CF-01|||UN|00||||||
|0200|901000|JG.BANHEIRO 3PCS FULL PRETO/BR 15201|||UN|00||||||
|0200|680360|TACA MILANO MEDIA SOYUS|||UN|00||||||
|0200|105301|FAQUEIRO INOX 42PCS GUINDER 42|||UN|00||||||
|0200|890540|JG.PANELAS TRAMONT.10PCS 65650800|||UN|00||||||
|0200|810060|JG.LICOR EDFORT 7PCS TZC01|||UN|00||||||
|0200|520511|JG.4PRATOS/QUEIJO VINO ALIMP.RS714|||UN|00||||||
|0200|900215|COLHER/FUROS NYLON CB/INOX FULL.12627|||UN|00||||||
|0200|500084|JG.4TACAS SILVER VINHO MIMO TCS01|||UN|00||||||
|0200|970710|BANDEJA RETANG. PQ.CONTHEY D146905|||UN|00||||||
|0200|900291|JG.FACA E GARFO CB.SANDU.FULL 16263|||UN|00||||||
|0200|890081|BANDEJA RETANGULAR TRAMONTINA 61529|||UN|00||||||
|0200|030030|REF.BRASTEMP F.FREE 429L BRM48 INOX|||UN|00||||||
|0220|PC|1,000|
|0200|030100|REF.BRASTEMP F.FREE 429L BRM50 INOX|||UN|00||||||
|0200|030103|REF.BRASTEMP F.FREE 429L BRM50 BR|||UN|00||||||
|0220|PC|1,000|
|0200|180970|REF.PANASONIC INVERTER 473L NRB461YZ|||UN|00||||||
|0200|200510|DVD HOME THEATER PHILIPS HTS3181|||UN|00||||||
|0200|220570|F.MICROONDAS ELECTROLUX 45L ME47X IN|||UN|00||||||
|0200|290340|MIXER SUGGAR MX2022|||UN|00||||||
|0200|330010|LIQUID.WALITA 3V FILTRO PP RI2035/10|||UN|00||||||
|0200|330130|PROCESSADOR COMPACTO WALITA RI7620|||UN|00||||||
|0200|810382|BANDEJA QUADRAD.35CM EDF. PPB|||UN|00||||||
|0200|810422|JG.FORMA PORC.CORACAO EDF.VM US020|||UN|00||||||
|0200|813360|BALDE P/PIPOCA PLAST.EDF.MEDIO SX96|||UN|00||||||
|0200|840431|JG.FONDUE 7PCS 980ML BR BENC.40092|||UN|00||||||
|0200|840432|JG.FONDUE 300ML BR BENC.40086|||UN|00||||||
|0200|840433|JG.FONDUE 580ML BENCAFIL 40121|||UN|00||||||
|0200|840870|JG.3MINI PETISQUEIRA BENC.40080|||UN|00||||||
|0200|901930|TABUA/VIDRO/SORTID.20X30 FULL|||UN|00||||||
|0200|902930|LUVA FULFIT PEQ. 14776/14947 COLOR|||UN|00||||||
|0200|903400|CANECA HANADEKA BICHO 380ML FULL 350|||UN|00||||||
|0200|950230|SOUPLAT CORES DIVERSAS YOI PLAST.|||UN|00||||||
|0200|950440|FORNO ELET.EMB.LUMEN FISCHER 7399|||UN|00||||||
|0200|680501|SALADEIRA GRANDE OUTONO SOYUS|||UN|00||||||
|0200|030033|REF.BRASTEMP F.FREE 403L BRM48 BR|||UN|00||||||
|0200|031273|FOG.BRASTEMP.ATIVE 5B GRILL BF876 INOX|||UN|00||||||
|0200|810292|PORTA LENCO LATA C/DES. EDF.LAT007|||UN|00||||||
|0200|902690|TABUA P/CORTE/BAMBU 40X30 FULL 13516|||UN|00||||||
|0200|903570|JG.JARRA C/6COPOS DANCE FULL 46183|||UN|00||||||
|0200|813371|BALDE P/PIPOCA PLAST.EDF.PEQ.SX96|||UN|00||||||
|0200|813650|PRATO GIRAT.P/QUEIJO EDFORT GL36|||UN|00||||||
|0200|841090|PAINEL DECORAT.40X40X1,8CM BENC.|||UN|00||||||
|0200|902400|FRIGID.22CM CABO SILIC.FULL 14887|||UN|00||||||
|0200|810351|FACA P/PATE DECORADA EDF.GD13|||UN|00||||||
|0200|812040|DESCANSO/PANELAS EDFORT GL236|||UN|00||||||
|0200|9982|FORNO EL FISCHER LUMEM GRILL BANC 44L INOX /|||UN|00||||||
|0200|040470|FORNO MIC.CONSUL 25L CMY34 INOX|||UN|00||||||
|0200|521140|CANECA C/INFUSOR PEQUIM ALIMP.H9035|||UN|00||||||
|0200|840771|BANDEJA RETANG.42X26 BENCAF.8802|||UN|00||||||
|0200|101520|JG.6TACAS SOBREM.MALDIVES LUMI.63542|||UN|00||||||
|0200|680281|QUEIJEIRA BRASIL PEQUENA SOYUS|||UN|00||||||
|0200|810291|CESTO P/LIXO EM LATA C/DES.EDF.LAT09|||UN|00||||||
|0200|810391|CAIXA ORGANIZADORA EDF.FS012|||UN|00||||||
|0200|903080|FAQ.INOX 36PCS ATENAS FULL 13797|||UN|00||||||
|0200|940370|PORTA TUDO JAQUES 398|||UN|00||||||
|0200|101200|SALADEIRA GRANDE 31CM LUMI.06386|||UN|00||||||
|0200|200210|DVD PORTATIL PHILIPS LCD 7 PET-736|||UN|00||||||
|0200|680280|QUEIJEIRA BRASIL GRANDE SOYUS|||UN|00||||||
|0200|811700|ESPATULA/SILICONE EDF.GL172|||UN|00||||||
|0200|840030|CANECA C/INFUSOR BENCAF. 2806|||UN|00||||||
|0200|900420|ALBUM ALUM/FOSCO 10X15 FULL 14874|||UN|00||||||
|0200|902500|JG.4FACAS/MANT.CABO OCO FULL 14838|||UN|00||||||
|0200|531040|JG.P/BANHEIRO 4PCS ROG.1449/1450|||UN|00||||||
|0200|650310|PORTA/OLEO/VIDRO FOSCO YANGZI 4232|||UN|00||||||
|0200|950141|JG.JANTAR ALLURE SILVER 20PCS YOI|||UN|00||||||
|0200|901940|TABUA/VIDRO/SORTID.30X40 FULL|||UN|00||||||
|0200|813480|JG. C/2 BOWL EDFORT BAO23|||UN|00||||||
|0200|880180|JG.PANELAS BOX PETIT MULT. 40026|||UN|00||||||
|0200|902811|COFRE/PORQUINHO FULL 15462|||UN|00||||||
|0220|PC|1,000|
|0200|903140|APARELHO/COZIMENTO/VAPOR FULL 15071|||UN|00||||||
|0200|910190|CUPULA RETAN. GR RICAELLE 421|||UN|00||||||
|0200|840840|TRAVESSA QUAD.C/TP VIDRO BENC.40021|||UN|00||||||
|0200|531160|JG.6COPOS TRIOGLASS ROGEMAC 6738|||UN|00||||||
|0200|820151|PILAO 10,5CM 2PCS QUADRIF.105083|||UN|00||||||
|0200|710240|SUP.MARG.500GR C/ESPATU.MAK-INOX|||UN|00||||||
|0200|030223|REF.BRASTEMP GOURMAND 500 BRX50 INOX|||UN|00||||||
|0200|103121|ENPONJA ROTECSUL|||UN|00||||||
|0200|900211|CONCHA NYLON CABO INOX FULL.12621|||UN|00||||||
|0200|810352|PROTETOR P/ALIMENTO 30CM EDF.GL406|||UN|00||||||
|0200|813561|GARRAFA TERMICA 1L EDFORT GAF025/026|||UN|00||||||
|0200|903573|JG.30TACAS DIANA CRISTAL FULL 56514|||UN|00||||||
|0200|521120|CANECA P/SOPA C/COLHER ALIMP.ECO709|||UN|00||||||
|0200|841104|PRATO P/SERVIR 41X21CM.BENC.94005|||UN|00||||||
|0200|810571|FONDUE EDFORT RH342|||UN|00||||||
|0200|840434|JG FONDUE 400ML GRAF /BLAK BENC 34009|||UN|00||||||
|0200|841100|PRATO P/SERVIR 15X8CM BENC.94001|||UN|00||||||
|0200|841107|PRATO P/SERVIR 30X21CM.BENC.94008|||UN|00||||||
|0200|811580|CONCHA P/MOLHO EDF.1915-1|||UN|00||||||
|0200|841091|PAINEL DECORAT.28X28X1,8CM BENC.|||UN|00||||||
|0200|900521|JG.P/QUEIJO INOX 4PCS FULL.16442|||UN|00||||||
|0200|680820|TACA VERAO MEDIA SOYUS|||UN|00||||||
|0200|841106|PRATO P/SERVIR 25X17CM.BENC.94007|||UN|00||||||
|0200|030013|REF.BRASTEMP ALL 360L BRF36 BR|||UN|00||||||
|0200|030760|FORNO A GAS EMB.BRASTEMP BOA61 INOX|||UN|00||||||
|0200|030770|FORNO ELETRICO BRASTEMP BOB61 INOX|||UN|00||||||
|0220|PC|1,000|
|0200|031283|FOG.BRAST.ATIVE GRIL EMB.5B BY876INOX|||UN|00||||||
|0200|180270|F.MIC.PANASONIC PICOLO STYLE NNST341|||UN|00||||||
|0200|180273|F.MIC.PANASONIC PERFECT NNST571|||UN|00||||||
|0200|180750|TV PANASONIC LED 42 TC-L42E30B|||UN|00||||||
|0200|900450|JG.P/QUEIJO/TAB/VID.4PCS FUL.14837|||UN|00||||||
|0220|JG|1,000|
|0200|903180|JG.2BALDES P/PIPOCA FULL 16169|||UN|00||||||
|0220|JG|1,000|
|0200|940380|PORTA CAMISA JAQUES 399|||UN|00||||||
|0200|501650|CENTRIFUGA/PRESSAO MIMO SF9210|||UN|00||||||
|0200|900431|JG.AMERICANO P/COPOS 6PCS FULL 1731|||UN|00||||||
|0200|902610|JG.30TACAS BOHEMIA JULIA FULL 55600|||UN|00||||||
|0200|901313|JG.3COPOS ALTO 355ML FULL 46116|||UN|00||||||
|0220|JG|1,000|
|0200|880210|FRIGIDEIRA OVAL 24X36 MULTIF.45138|||UN|00||||||
|0200|901312|JG.6COPOS 37ML C.BLANCA FULL 46180|||UN|00||||||
|0200|903170|BALDE P/PIPOCA PLAST. FULL 16168|||UN|00||||||
|0200|710200|PORTA GUARDANAPOS GR.MAK-INOX|||UN|00||||||
|0200|900202|JG.12MARCAD.TACAS FULTEB.FULL 21062|||UN|00||||||
|0200|501160|ESPATULA VAZADA P/HAMB.MIMO ASA60|||UN|00||||||
|0200|701200|COLHER P/SORVETE HUDSON FK45981|||UN|00||||||
|0200|902590|COOLER P/LONG NECK FULL 15792 PRETA|||UN|00||||||
|0200|051080|COOKTOP BOSCH 4B VITROCERAMIC PKN675|||UN|00||||||
|0200|680260|JARRA SATURNO SOYUS|||UN|00||||||
|0200|050920|COIFA PAREDE BOSCH DKE635 60CM INOX|||UN|00||||||
|0200|500120|JG.GALHETEIRO MIMO 84500|||UN|00||||||
|0200|901670|BAND.INOX 40X26 REGENT FULL 13894|||UN|00||||||
|0200|900831|JG.6VELAS P/RECHAUD FULL 25020|||UN|00||||||
|0200|760310|FRUTEIRA C/PE BRILH. 30CM 06/066/31|||UN|00||||||
|0200|940460|TABUA DE PASSAR ERGON F2023|||UN|00||||||
|0200|102090|BANDEJA TABACO ARTE 116/117|||UN|00||||||
|0200|030900|COOKTOP BRASTEMP 4B GAS VIDRO BDD61|||UN|00||||||
|0200|100063|FOGAO ESMALTEC HAVAII 4B BR 4005|||UN|00||||||
|0200|220353|REFRIG.ELECTROLUX 500L DF50X INOX|||UN|00||||||
|0200|160140|TORRADEIRA OSTER 6335|||UN|00||||||
|0200|710060|SUPORTE PARA LEITE MARK INOX|||UN|00||||||
|0200|030113|REF.BRASTEMP INVERSE 422L BRE50 BR|||UN|00||||||
|0200|160180|ABRIDOR ELETRICO P/VINHO OSTER 4207|||UN|00||||||
|0200|710360|BANDEJA INOX MAK-INOX|||UN|00||||||
|0200|812800|PRATO P/MASSA EDFORT RH26|||UN|00||||||
|0200|160170|LIQUIDIFICADOR OSTERIZER 3V.4655|||UN|00||||||
|0200|670850|SALEIRO/PIMENTEIRO TG20804|||UN|00||||||
|0200|160130|FORNO ELETRICO DIG.OSTER 6292|||UN|00||||||
|0200|701630|SACOLA/LAVAND.70X50 HUDSON WE375170|||UN|00||||||
|0200|700280|DESCANSO/PANELA HUDSON FK45262|||UN|00||||||
|0200|050980|REF.BOSCH F.FREE 445L KDN47A INOX|||UN|00||||||
|0200|501240|COOLER ISOPOR GRANDE|||UN|00||||||
|0200|660590|JG.6COPOS MARTIGUES M.SHOP 0265|||UN|00||||||
|0200|903530|BOLSA TERM.P/2GARR.FULL PR/CZ 16568|||UN|00||||||
|0200|710310|CORTADOR UNIVERSAL MAK INOX|||UN|00||||||
|0200|701321|CORTADOR/TRITUR.ALHO HUDSON PRGPC2800|||UN|00||||||
|0200|813160|PETISQUEIRA 2DIV EDFORT SN121|||UN|00||||||
|0200|100040|FOGAO ESMALTEC SAMOA 5B INOX 5005|||UN|00||||||
|0200|700100|BATEDOR/OVOS HUDSON MS50233|||UN|00||||||
|0200|710290|PORTA TALHERES INOX MAKINOX|||UN|00||||||
|0200|812250|TABUA P/CORTAR PEQ. EDF. GL289|||UN|00||||||
|0200|880250|CACAROLA 30 PROFIS.MULTIFLON 45130|||UN|00||||||
|0200|900090|JG.BANHEIRO 4PCS FULL 132 BATHCARE|||UN|00||||||
|0200|970300|RECHAUD QUADRADO BRANCO CONTHEY D1246|||UN|00||||||
|0200|810832|BALDE P/CERVEJA OVAL EDFORT CV1004|||UN|00||||||
|0200|813350|JG. BANHEIRO EDFORT 3PCS SN134|||UN|00||||||
|0200|880220|ASSADEIRA FUNDA 40 MULTIF.26040|||UN|00||||||
|0200|970210|JG.COPOS 8PCS CONTHEY D1443|||UN|00||||||
|0200|980230|POTE RED.FREE/MIC PLASVALE 1L R442|||UN|00||||||
|0200|970370|JG.P/BOLO SABRINA 2PCS CONTHEY D14526|||UN|00||||||
|0200|810610|TIGELA DEEP 28CM EDFORT DMB07|||UN|00||||||
|0200|030951|FRIGOBAR BRASTEMP RETRO BRA08A AMAREL.|||UN|00||||||
|0200|090260|CENTRIFUGA NKS TSK-949 INOX|||UN|00||||||
|0200|180760|TV PANASONIC LCD 32 TC-L32C5B|||UN|00||||||
|0200|501550|RALADOR P/MESA 3.5 MIMO ASA50|||UN|00||||||
|0200|740120|SACA ROLHA/TAMPA PALANI HF035E|||UN|00||||||
|0200|840890|JG.4XIC.CAFE C/BAND.PR BENC.40083|||UN|00||||||
|0200|880360|FRIG.DUPLA MEIA LUA MULTIFLON 55624|||UN|00||||||
|0200|890501|JG. P/SERVIR REDONDO 3PCS 64510174|||UN|00||||||
|0200|890530|JG.BAIXELA TRAMONTINA 10PCS 64510020|||UN|00||||||
|0200|890610|PANELA PRESSAO/CESTO TRAMONT.62516222|||UN|00||||||
|0200|900591|VASO ECOL LABIRINT 30,5CM FULL 56546|||UN|00||||||
|0200|900872|PRATO P/BOLO C/PE ORION FULL 56035|||UN|00||||||
|0200|903081|FAQ.INOX ATENAS/MALA 75PCS FULL13796|||UN|00||||||
|0200|890640|JG.5PANELAS ALEGRA TP/VD TRAMONT.65650/314|||UN|00||||||
|0200|903560|P/RETRATO BR/DOUR.4FOTOS FULL 17015|||UN|00||||||
|0200|030560|FORNO PORT.ELET.BRASTEMP BOG40AR INOX|||UN|00||||||
|0200|040413|LAVAROUPA CONSUL 7KG CWN07 BR|||UN|00||||||
|0200|710170|SUPORTE P/SORVETE C/PEGADOR MAK-INOX|||UN|00||||||
|0200|890630|JG.BAIXELA TRAMONTINA 8PCS 64510890|||UN|00||||||
|0200|900071|FONDUE GIRAT.INOX 23PCS FULL 16222|||UN|00||||||
|0200|950470|COOKTOP FISCHER 2B VITROCERAMICO 7883|||UN|00||||||
|0200|030680|COOKTOP CHURRASQUEIRA BRASTEMP BDH30|||UN|00||||||
|0200|900122|COPO P/VIAGEM SORTIDOS FULL 17|||UN|00||||||
|0200|160200|MULTIPROCESSADOR MIXER OSTER 2619|||UN|00||||||
|0200|660480|JG.6TACA BALLON 200ML M.CASS 0256|||UN|00||||||
|0200|900331|BANDEJA/VIDRO GIRAT.35CM FULL 17248|||UN|00||||||
|0200|890620|PANELA PRESSAO POLIDA TRAMONT.2057020|||UN|00||||||
|0200|810730|PETISQUEIRA EDFORT HP013|||UN|00||||||
|0200|080020|LIQUID.ELECTROLUX CUISINE CL.FILTER|||UN|00||||||
|0200|902940|TESOURA 5LAMINAS/ERVAS FULL 15052|||UN|00||||||
|0200|700330|BANDEJA REDONDA HUDSON KS-M213-12|||UN|00||||||
|0200|901410|RECHAUD DUPLO BASE/MAD.FULL 14560|||UN|00||||||
|0200|902172|JG.JANTAR 42PCS CLASSIC FULL.17192|||UN|00||||||
|0200|900954|JG.6 COLHERES/COQUET.SORV.FULL.16272|||UN|00||||||
|0200|650710|TOALHA MESA NATAL 1,40X2,20 YANGZI|||UN|00||||||
|0200|900053|JOGO 6 TACAS LICOR 85ML FULL 56527|||UN|00||||||
|0200|890341|CONJ.FACAS INOX 2PCS TRAMOTINA 23899|||UN|00||||||
|0200|970250|BALDE GELO 2,8L VERM. CONTHEY D1375|||UN|00||||||
|0200|520570|JG.4PRATO/SOBREM.ALIMP.RS46 SORT.|||UN|00||||||
|0200|900800|JARRA/VIDRO 1500ML FULL 55834|||UN|00||||||
|0200|900231|JG P/SUSHI BAMBU 4PÇS FULL 17187|||UN|00||||||
|0200|901411|RECHAUD REDONDO BASE/MAD FULL 14562|||UN|00||||||
|0200|030800|F.MIC.BRASTEMP GOURMAND EMB.20L BME25BR|||UN|00||||||
|0200|030810|COOKTOP BRASTEMP GOURMAND 5B BDC91|||UN|00||||||
|0200|030950|FRIGOBAR BRASTEMP RETRO BRA08A VERMEL.|||UN|00||||||
|0200|104650|PORTA/COPOS 50ML KOS COLOR 700230|||UN|00||||||
|0200|200530|DVD PHILIPS DVP-3820KX/78|||UN|00||||||
|0220|PC|1,000|
|0200|910783|JG.6TACAS CLAUDIA AGUA RICAELLE|||UN|00||||||
|0200|880240|PAELLERA 46 PROFIS.MULTIFLON 45046|||UN|00||||||
|0200|104660|PORTA/COPOS 200ML KOS COLOR 700250|||UN|00||||||
|0200|521010|TIGELA 20CM VER/LAR ALIMP.R02220|||UN|00||||||
|0200|701990|TAMPA/CONSERVAR VINHO HUDSON JO06001|||UN|00||||||
|0200|841030|CANECA 400ML BENCAFIL 90201|||UN|00||||||
|0200|105070|CREDITO|||UN|00||||||
|0200|030573|LAVALOUCA BRASTEMP 6SERV.BLF06ABB BR|||UN|00||||||
|0200|030583|LAVALOUCA BRASTEMP 8SERV.BLF08ABB BR|||UN|00||||||
|0200|030660|COOKTOP BRASTEMP DE INDUCAO BDJ30AE|||UN|00||||||
|0200|200400|DISC PLAYER PHILIPS BLUR-RAY BDP3200|||UN|00||||||
|0200|500832|VASO TORCIDO 30CM MIMO VD10186|||UN|00||||||
|0200|812200|ESPAGUETEIRA 4,5L 3PCS EDF.SO505|||UN|00||||||
|0200|812961|RALADOR DE QUEIJO EDFORT GL316|||UN|00||||||
|0200|970660|JG.6XICARA/CAFE NATAL CONTHEY 144868|||UN|00||||||
|0200|104630|JARRA CRISTAL KOS COLOR 600100|||UN|00||||||
|0200|660301|BALDE/GELO/PINCA/PLASTICO M.SHOP 167|||UN|00||||||
|0200|900401|JG.4POTES PORCEL.COLHER FULL 16636|||UN|00||||||
|0200|500581|FORMA P/BOLO SILICONE MIMO SN11222|||UN|00||||||
|0200|970180|JG.6XICARA CHA 2FILETES D1451 CONTHEY|||UN|00||||||
|0200|500500|COLHER P/SORVETE MIMO ASA13|||UN|00||||||
|0200|660341|JG.JANTAR BOTANIC 20PCS 043/044|||UN|00||||||
|0200|813000|PETISQUEIRA EDFORT BA009|||UN|00||||||
|0200|970080|JG.FONDUE/CERAM.7PCS CONTHEY 134628|||UN|00||||||
|0200|970720|JG.PANELAS AGATA 4PCS CONTHEY D14692|||UN|00||||||
|0200|501792|CESTO P/PAO/ALCA CLAR MIMO YK11605|||UN|00||||||
|0200|680700|BOMBONIERE KARINA GRANDE SOYUS|||UN|00||||||
|0200|810861|TAMPA P/GARRAFA ACRIL.EDF.KY033|||UN|00||||||
|0200|500590|FACA P/FRUTAS MIMO ASA28M|||UN|00||||||
|0200|500632|MOEDOR/SAL/PIMENTA PEQ.MIMO AM1114|||UN|00||||||
|0200|501570|TESOURA P/FRANGO LUXO MIMO ASA57|||UN|00||||||
|0200|903370|JG.CHURRASCO C/SUP.4PCS FULL 16479|||UN|00||||||
|0200|810353|PROTETOR P/ALIMENTO 35CM EDF.GL407|||UN|00||||||
|0200|650160|COPO MELAMINE NATALINO YANGZI MST16C|||UN|00||||||
|0200|910610|SUPORTE P/PRATO PEQ.RICAELLE SM|||UN|00||||||
|0200|532170|JG.BANHEIRO ROJEMAC 4PCS 1593/95|||UN|00||||||
|0200|650010|SALADEIRA 25CM MS10T YANGZI NATAL|||UN|00||||||
|0200|650220|PRATO RASO MELAN.NATAL YANGZI|||UN|00||||||
|0200|650670|PETISQUEIRA NATAL 30CM YANGZI 1072|||UN|00||||||
|0200|840650|CANECA CHRISTMAS 375ML BENC.390|||UN|00||||||
|0200|970610|CANECA NATAL 260ML CONTHEY 144869|||UN|00||||||
|0200|903290|CHAMPANHEIRA QUAD.PQ.PT.FULL 16476|||UN|00||||||
|0200|980260|POTE FREE/MIC PLASVALE 3L R303|||UN|00||||||
|0200|840020|CONJ.BULE/XICARA BENC. 2P?S 280|||UN|00||||||
|0200|811060|JG.LASANHA 3PCS EDFORT LASAGNA|||UN|00||||||
|0200|901770|JG. 6COPOS 400ML FULL 46011|||UN|00||||||
|0200|670820|CHALEIRA/APITO INOX 2,5L|||UN|00||||||
|0200|104620|BANDEJA CRISTAL KOS 600900|||UN|00||||||
|0200|530850|JG.6COPOS MADISON ROGEMAC 5219|||UN|00||||||
|0200|500421|BATEDOR DE OVO FUET MIMO ASA29|||UN|00||||||
|0200|300160|RECEIVER SONY STR-DE598 C/CX SA-VE366|||UN|00||||||
|0200|500633|GUALHETEIRO 2X1 MIMO AM1120|||UN|00||||||
|0200|520190|JG DE JANTAR 20PÇS ALIMP P1204|||UN|00||||||
|0200|160190|CAFETEIRA P/CAFE EXPRESS OSTER OEMP50|||UN|00||||||
|0200|500631|MOEDOR/SAL/PIMENTA 14CM MIMO AM1112|||UN|00||||||
|0200|104600|CREMEIRA CRISTAL KOS 600600|||UN|00||||||
|0200|812510|JG.P/MESA C/6PCS EDFORT SN105|||UN|00||||||
|0200|104640|JG.C/6 DESCANSO P/COPO KOS 6003000|||UN|00||||||
|0200|660621|CESTA TERMICA KENYA VM M.SHOP 014|||UN|00||||||
|0200|810923|FORMA/SIL/CORACAO/GELO/EDFORT GL403|||UN|00||||||
|0200|813472|BANCO DOBRAVEL MEDIO EDFORT ZDD008|||UN|00||||||
|0200|040240|REF.CONSUL F.FREE 437L CRM50 INOX|||UN|00||||||
|0200|090370|PRES.GRIL TP/VID.NKS M.VOCE TSK-2161|||UN|00||||||
|0200|090380|TORRADEIRA ELET.NKS M.VOCE TOR-0957|||UN|00||||||
|0200|090390|MIXER DE MAO NKS M.VOCE TSK-590|||UN|00||||||
|0200|090400|CAFETEIRA 14XIC.NKS M.VOCE TSK-225|||UN|00||||||
|0200|090410|FORNO ELETRICO NKS M.VOCE DKS-730|||UN|00||||||
|0200|090420|FRITADEIRA ELET.NKS M.VOCE DF-300|||UN|00||||||
|0200|090430|EXTRATOR/SUCO NKS M.VOCE TS-212|||UN|00||||||
|0200|120190|CAFETEIRA ELET.MONDIAL 36XIC.C.06|||UN|00||||||
|0200|120200|CAFETEIRA ELET.MONDIAL 14XIC.C.09|||UN|00||||||
|0200|120210|GRILL SANDUICHEIRA MONDIAL S.11|||UN|00||||||
|0200|120220|TOSTADOR DUO MONDIAL NT.01|||UN|00||||||
|0200|120250|MULTI MIXER MONDIAL M.04|||UN|00||||||
|0200|160150|LIQUIDIFICADOR REVER OSTER BRLY07|||UN|00||||||
|0200|160210|FORNO ELETRICO OSTER INOX 6073|||UN|00||||||
|0200|180370|DVD PLAYER PANASONIC BLURAY DMPBD75|||UN|00||||||
|0200|180450|MICRO SYSTEM PANASONIC SC-HC55PU-K|||UN|00||||||
|0200|180460|DVD HOME THEATER PANASONIC SC-XH170LBK|||UN|00||||||
|0200|180690|TV PANASONIC PLASMA 42 3D TC-P42UT50B|||UN|00||||||
|0200|180780|TV PANASONIC LCD FULL 32 TC-L32U30B|||UN|00||||||
|0200|250580|ADEGA GE DUPLEX P/29GARRAFAS AVGEP29|||UN|00||||||
|0200|270030|TV/MON.SAMSUNG 21,5 LED/FULL HD T22A|||UN|00||||||
|0200|270040|TV/MON.SAMSUNG 24 LED/FULL HD T24A|||UN|00||||||
|0200|290080|FORNO ELETRICO SUGGAR 9L FE9022 PRETO|||UN|00||||||
|0200|290083|FORNO ELETRICO SUGGAR 9L FE9022 BR|||UN|00||||||
|0200|330060|LIQ.WALITA 3V FILTRO ACRIL.RI2034/10|||UN|00||||||
|0200|330140|ESPREMEDOR WALITA RI2745|||UN|00||||||
|0200|521000|TIGELA 14CM VER/LAR ALIMP.R02214|||UN|00||||||
|0200|701290|POTE P/CEBOLA HUDSON MS31416|||UN|00||||||
|0200|701540|INFUSOR/CHA HUDSON MS-80666|||UN|00||||||
|0200|710210|PORTA SACHE MAK-INOX|||UN|00||||||
|0200|820320|FACA P/OSTRA QUAD.5K16|||UN|00||||||
|0200|840773|BANDEJA/ALMOFADA 44X34CM BENC.85004|||UN|00||||||
|0200|840831|TRAV. RETANG./TP VIDRO 20X30 BENC.40020|||UN|00||||||
|0200|900043|JG.BALDE E 6COPOS FULL 46190|||UN|00||||||
|0200|900141|VASO CRISTAL 28CM PICADELI FUL.56748|||UN|00||||||
|0200|900142|VASO CRISTAL 25,5CM LABYR.FULL 46138|||UN|00||||||
|0200|900204|CLIPS MAGNETICOS P/FECHAR FULL 17560|||UN|00||||||
|0200|900901|ACUCAREIRO/ACO/COLHER FULL 12994|||UN|00||||||
|0200|901380|JG.SALEIRO/PIMENT.FULL 13670|||UN|00||||||
|0200|901412|RECHAUD OVAL BASE/MAD.FULL 15317|||UN|00||||||
|0200|901790|JG. 6COPOS 250ML FULL 56092|||UN|00||||||
|0200|902800|RALADOR INOX/BORRACHA FULL 15349|||UN|00||||||
|0200|090360|GRILL/SANDUICHEIRA NKS M.VOCE I10G|||UN|00||||||
|0200|120160|SANDUICHEIRA MONDIAL L.ULTRA S.04|||UN|00||||||
|0200|180410|MINI SYSTEM PANASONIC SC-AKX32LB|||UN|00||||||
|0200|690300|PRATO QUADRADO 30CM 1019/06/07/08 GS|||UN|00||||||
|0200|690312|PRATO/VIDRO 25X25 GS.1003/1004/1005|||UN|00||||||
|0200|690313|PRATO/VIDRO 30X20 GS.1010|||UN|00||||||
|0200|710330|ABRIDOR MAKINOX|||UN|00||||||
|0200|902901|JG.P/QUEIJO/PAES/TABUA FULL 17362|||UN|00||||||
|0200|903552|P/RETRATO BR/DOUR.13X18 FULL 17014|||UN|00||||||
|0200|030580|LAVALOUCA BRASTEMP 8SERV.BLF08ASB PT|||UN|00||||||
|0200|101040|SALADEIRA 24CM LUMI.PEPS 63357|||UN|00||||||
|0200|120240|PIPOQUEIRA MONDIAL PP01|||UN|00||||||
|0200|220203|LAVALOUCA ELECTROLUX 9 SERV.LE09B BR|||UN|00||||||
|0200|520310|JG.6COPOS AGUA BEACHER ALIMP.CO84|||UN|00||||||
|0200|520970|PRATO RASO BAMBOO ALIMP.PRH4830|||UN|00||||||
|0200|521173|JG.JANTAR 42PCS ALIMP.P2751|||UN|00||||||
|0200|690311|PRATO DE VIDRO 35CM 1001 GS|||UN|00||||||
|0200|701320|COLHER PLAST.OVO HUDSON MS50215|||UN|00||||||
|0200|840940|APOIO VID.RETANG.C/CAB.BENC.7403|||UN|00||||||
|0200|900143|VASO CRISTAL 40,5CM LABYR.FULL 46142|||UN|00||||||
|0200|900915|P/RETRATO ALU.CANEL.10X15 FULL 13848|||UN|00||||||
|0200|710040|FRUTEIRA ACO INOX MAK INOX|||UN|00||||||
|0200|840922|JG.UTENCILIOS 4PCS BENC.RINGS 95030|||UN|00||||||
|0200|900082|JARRA ACRIL.C/TUBO P/GELO FULL 14456|||UN|00||||||
|0200|900144|VASO VULCANO 25,5CM FULL 56451|||UN|00||||||
|0200|902921|SALADEIRA C/2TALH.CONTEMP.FULL 16426|||UN|00||||||
|0200|180470|HOME BLU-RAY 3D PANASONIC SC-BTT190LBK|||UN|00||||||
|0200|521030|PETISQUEIRA VER/LAR ALIMP.R02415|||UN|00||||||
|0200|702020|POLVILHADOR C/TELA PQ.HUDSON FK42969|||UN|00||||||
|0200|900203|CLIPS P/FECHAR EMBALAGENS FULL 17518|||UN|00||||||
|0200|901400|CORTADOR/BOLO 32CM FULL 15045|||UN|00||||||
|0200|903162|BANDEJA GIRAT.BAMBU 45CM FULL 17182|||UN|00||||||
|0200|980210|POTE RED.FREE/MIC PLASVALE 3L R444|||UN|00||||||
|0200|17518|JG 72 CLIPS P/ FECHAR EMBALAGENS SORTIDO|7893220148026||JG|00||||||
|0200|700700|SUP.P/OVO QUENTE HUDSON 11949|||UN|00||||||
|0200|710140|PORTA FRIOS C/PEGADOR MAK-INOX|||UN|00||||||
|0200|840123|PRATO 2 ANDARES 26X20 BENC.32170|||UN|00||||||
|0200|900083|JG.3 RAMEQUINS/COLHER FULL 16214|||UN|00||||||
|0200|902670|P/RETRATO LISTRA 13X18 FULL 13272|||UN|00||||||
|0200|031290|FRIGO.BRASTEMP PORT/VIDRO 120L BZA12 CLUB|||UN|00||||||
|0200|120260|MINI MIXER MIST.DE LIQ.MONDIAL M.05|||UN|00||||||
|0200|650071|LUGAR AMERICANO NATALINO YANGZI JAP9N|||UN|00||||||
|0200|650170|GUARDANAPO SORTIDO D61-1 YANGZI|||UN|00||||||
|0200|650240|ACUCAREIRO VIDRO/FOSCO YANGZI 4229|||UN|00||||||
|0200|710070|PORTA CONCHA MAK-INOX|||UN|00||||||
|0200|840322|CESTO RETANG.DOTS 30X20X12 BENC.62013|||UN|00||||||
|0200|840743|MANTEGUEIRA REDONDA GR.BENCAF.40123|||UN|00||||||
|0200|840775|BANDEJA QUADRADA 35X35CM BENC.88075|||UN|00||||||
|0200|840923|CANECA 350ML BENC.RINGS 95046|||UN|00||||||
|0200|840991|PRATO P/BOLO C/PE BENCAFIL BR 55028|||UN|00||||||
|0200|840992|PORTA GUARDANAPO INOX BENCAFIL 52012|||UN|00||||||
|0200|840993|JG.P/CHA&CAFE 9PCS BENCAF. 59005|||UN|00||||||
|0200|900055|JOGO 6COPOS FAVORIT 450ML FULL 46027|||UN|00||||||
|0200|903490|COOLER P/6 LONG NECK VD/AM FULL 16573|||UN|00||||||
|0200|840981|PRATO P/BOLO C/PE BENC.37X11CM 87020|||UN|00||||||
|0200|500010|ACUCAREIRO AC705 MIMO|||UN|00||||||
|0200|790100|PETISQ.DAYSE C/5 DIV.25CM GLOBAL.|||UN|00||||||
|0200|812690|JG.P/SALADA C/8PCS EDFORT CF32|||UN|00||||||
|0200|910060|CESTO CLASS.C/TAMPA RICAELLE 153|||UN|00||||||
|0200|102030|ESPELHO P/MAQUIAGEM OZ SD2018|||UN|00||||||
|0200|105050|PETISQUEIRA/CERAMICA 2PCS PONTO SUL|||UN|00||||||
|0200|501280|JG.3ASSADEIRA 30/32/34 MIMO AN300|||UN|00||||||
|0200|510950|COPO AVULSO|||UN|00||||||
|0200|520350|BANDEJA MAD.GOURMET ALIMP.RS484|||UN|00||||||
|0200|701530|ARGOLA P/CHALEIRA HUDSON MS-80081|||UN|00||||||
|0200|840640|CANECA CHRISTMAS 400ML BENC.390|||UN|00||||||
|0200|500730|JG.CONSOME 6PCS MIMO CR504|||UN|00||||||
|0200|812470|PETISQ.5DIV.B/MAD.EDFORT CF39|||UN|00||||||
|0200|700810|PORTA GUARDANAPOS HUDSON 6607/5|||UN|00||||||
|0200|840050|JG.XICARA/CAFE BENC.6PCS 3205|||UN|00||||||
|0200|530610|FRUTEIRA CRISTAL LOUISE ROG.2361|||UN|00||||||
|0200|120230|LIQUIFICADOR ELETRON.MONDIAL L.90|||UN|00||||||
|0200|840924|BAGUETEIRA/BOWL 55X10CM BENCAF.96002|||UN|00||||||
|0200|900243|JG.4 PORTA COPOS/VIDRO FULL 16660|||UN|00||||||
|0200|903160|BAND.VID.GIRAT.45CM FULL 16658/17247/49|||UN|00||||||
|0200|903163|BANDEJA GIRAT.BAMBU 60CM FULL 17183|||UN|00||||||
|0200|970620|JG.2XICARA/CAFE NATAL CONTHEY 144864|||UN|00||||||
|0200|970670|PRATO P/BOLO NATAL CONTHEY 144255|||UN|00||||||
|0200|532310|JG.JANTAR NICE 42PCS ROGEMAC 1165|||UN|00||||||
|0200|531950|P/GUARDANAPO ROG.13CM 1376 BM|||UN|00||||||
|0200|812540|DESCANSO P/COLHER EDFORT A1676|||UN|00||||||
|0200|903390|CANECA HANADEKA 410ML FULL 3500|||UN|00||||||
|0200|903520|COOLER P/2GARR.VINHO VD/AM FULL 16567|||UN|00||||||
|0200|990070|GANCHO MULTIUSO SAZI 79896|||UN|00||||||
|0200|900058|JG.6COPOS ALTOS 390ML CARR.FUL.46192|||UN|00||||||
|0200|970640|JG.4XICARA/CAFE NATAL CONTHEY 144154|||UN|00||||||
|0200|650510|BOLSA PAPAI NOEL 45CM YANGZI MH033|||UN|00||||||
|0200|902102|CENTRO/MESA PICADELE 30CM FULL 56751|||UN|00||||||
|0200|811930|JG.P/LANCHE 3PCS EDF.KA0|||UN|00||||||
|0200|813620|CESTO C/LUVA TOLHAS/COZIN. EDFORT|||UN|00||||||
|0200|902903|JG.2GARRAFA/AZEITE/VINAG.FULL 17469|||UN|00||||||
|0200|970650|JG.4XICARA/CHA NATAL CONTHEY 144158|||UN|00||||||
|0200|900054|JOGO 6COPOS FAVORIT 350ML FULL 46011|||UN|00||||||
|0200|811040|JG.CHURRASCO 9PCS EDF.BBQ6427|||UN|00||||||
|0200|710390|BARRA 60CM C/6GANCHOS INOX MAK-INOX|||UN|00||||||
|0200|160220|BATEDEIRA PEDESTAL OSTER 2601|||UN|00||||||
|0200|900916|P/RETRATO ALU.ESTAN.4FOTO FULL 13867|||UN|00||||||
|0200|970460|DECANTER VIDRO 24CM CONTHEY 144451|||UN|00||||||
|0200|56024|CENTRO MESA CRISTAL ECOL 22CM ORION|7893220152979||PC|00||||||
|0200|900320|FAQ.INOX 130PCS ESTOJO FULL 12256|||UN|00||||||
|0200|902902|GARRAFA P/AZEITE/VINAG.1L FULL 17463|||UN|00||||||
|0200|060340|BICICLETA CALOI CECI 16|||UN|00||||||
|0200|060360|BICICLETA CALOI CECI 20|||UN|00||||||
|0200|680980|TACA VERAO P/MOLHO PEQ.SOYUS|||UN|00||||||
|0200|900213|GARFO NYLON CABO INOX FULL.12624|||UN|00||||||
|0200|911020|VASO RONA 35CM RICAELLE 5035/350|||UN|00||||||
|0200|650020|PRAT/BOLO C/ESP.MS14BP YANGZI NAT.|||UN|00||||||
|0200|650520|PAPAI NOEL/BOLA 10CM YANGZI MT017H|||UN|00||||||
|0200|650540|ESPATULA P/BOLO P.NOEL YANGZI MX4309|||UN|00||||||
|0200|650680|PETISQUEIRA NATAL 36CM YANGZI 10731|||UN|00||||||
|0200|103020|TOALHA LAVABO NATAL BORDADA|||UN|00||||||
|0200|520270|JG.4CANECAS ALIMP.B307|||UN|00||||||
|0200|900056|JOGO 6COPOS FAVORIT 220ML FULL 46098|||UN|00||||||
|0200|900700|CORTADOR/OVO FULL 12841|||UN|00||||||
|0200|901413|RECHAUD 3L RETANG.ACO INOX 16421|||UN|00||||||
|0200|902904|SALEIRO TULIPA FULL 17486|||UN|00||||||
|0200|903161|BANDEJA VID.GIRAT.60CM FULL 16583|||UN|00||||||
|0200|521171|JG.JANTAR 20PCS ALIMP.P1981|||UN|00||||||
|0200|900057|JG.6COPOS BAIXO 310ML CARR.FUL.46191|||UN|00||||||
|0200|902101|CENTRO/MESA ORION 22CM FULL 56024|||UN|00||||||
|0200|521161|TABUA P/CORTAR QUEIJO ALIMP N303772|||UN|00||||||
|0200|530400|JOGO DE JANTAR WOLF 42 PÇS ROGEM|||UN|00||||||
|0200|521172|JG.JANTAR 20PCS ALIMP.P2681|||UN|00||||||
|0200|840321|CESTO OVAL 30X20X12 BENC.62002|||UN|00||||||
|0200|903564|P/RETRATO CAVALO AZUL 8X5 FULL 17500|||UN|00||||||
|0200|901414|RECHAUD 2,5L REDONDO ACO INOX 16424|||UN|00||||||
|0200|625246|BALDE P/PIPOCA PLAST MD SX9616|7898497579597||UN|00||||||
|0200|690330|CANECA CERAMICA C. AMBIENTE KA078|||UN|00||||||
|0200|730060|TALHERES SOBREMESA 12PCS MOR|||UN|00||||||
|0200|840742|MANTEGUEIRA REDONDA PEQ. BENCAF.40105|||UN|00||||||
|0200|840774|BANDEJA REDONDA AM 40X7CM BENC.88074|||UN|00||||||
|0200|840921|GALHETEIRO SPCS BENCAF. RINGS 95029|||UN|00||||||
|0200|841083|CACAROLA RETANG C/COLHER BENC 40111|||UN|00||||||
|0200|841111|PRATO P/SERVIR 30.5CM BENCAF 71057|||UN|00||||||
|0200|841112|PRATO P/SERVIR 35.5CM BENCAF 71058|||UN|00||||||
|0200|841113|PRATO P/SERVIR 40.5CM BENCAF 71059|||UN|00||||||
|0200|900917|MURAL FOTOS 5FOTOS BABY FULL 17288|||UN|00||||||
|0200|690310|PRATO DE VIDRO 35CM 1002 GS|||UN|00||||||
|0200|180440|MICRO SYSTEM PANASONIC SC-HC25PU-K|||UN|00||||||
|0200|102101|BANDEJA TABACO QUAD. ARTE M 131|||UN|00||||||
|0200|102803|BANDEJA ESPELHO PLANA ARTE G 208|||UN|00||||||
|0200|030740|COOKTOP BRASTEMP 2B VITROCERAM.BDF30|||UN|00||||||
|0200|890650|JG.5PANELAS SOLAR TRAMONT.65510/400|||UN|00||||||
|0200|890371|FAQUEIRO LAGUNA 91PCS TRAMOT.66906/890|||UN|00||||||
|0200|10000|MATERIAL DE USO E CONSUMO|||UN|07||||||
|0500|30112011|01|A|1|116010001|MATERIAIS DE REVENDA|
|0990|914|
|C001|0|
|C100|0|0|800006977|01|00|U|0069919||01122011|01122011|395,00|0|||395,00|9||||395,00|67,15||||||||
|C170|1|290190||1,00000|UN|69,00||0|000|1202||69,00|17,00|11,73|0||0|||||||50|69,00|0,65|||0,45|50|69,00|3,00|||2,07||
|C170|2|290220||1,00000|UN|89,00||0|000|1202||89,00|17,00|15,13|0||0|||||||50|89,00|0,65|||0,58|50|89,00|3,00|||2,67||
|C170|3|950300||1,00000|UN|99,00||0|000|1202||99,00|17,00|16,83|0||0|||||||50|99,00|0,65|||0,64|50|99,00|3,00|||2,97||
|C170|4|330050||1,00000|UN|59,00||0|000|1202||59,00|17,00|10,03|0||0|||||||50|59,00|0,65|||0,38|50|59,00|3,00|||1,77||
|C170|5|330240||1,00000|UN|79,00||0|000|1202||79,00|17,00|13,43|0||0|||||||50|79,00|0,65|||0,51|50|79,00|3,00|||2,37||
|C190|000|1202|17,00|395,00|395,00|67,15|0|0|0|0||
|C100|0|0|800006977|01|00|U|0069920||01122011|01122011|360,00|0|||360,00|9||||360,00|61,20||||||||
|C170|1|100210||2,00000|UN|360,00||0|000|1202||360,00|17,00|61,20|0||0|||||||50|360,00|0,65|||2,34|50|360,00|3,00|||10,80||
|C190|000|1202|17,00|360,00|360,00|61,20|0|0|0|0||
|C100|0|0|800006977|01|00|U|0069922||01122011|01122011|319,00|0|||319,00|9||||319,00|54,23||||||||
|C170|1|180253||1,00000|UN|319,00||0|000|1202||319,00|17,00|54,23|0||0|||||||50|319,00|0,65|||2,07|50|319,00|3,00|||9,57||
|C190|000|1202|17,00|319,00|319,00|54,23|0|0|0|0||
|C100|0|0|800006977|01|00|U|0069927||02122011|02122011|59,00|0|||59,00|9||||59,00|10,03||||||||
|C170|1|090240||1,00000|UN|59,00||0|000|1202||59,00|17,00|10,03|0||0|||||||50|59,00|0,65|||0,38|50|59,00|3,00|||1,77||
|C190|000|1202|17,00|59,00|59,00|10,03|0|0|0|0||
|C100|0|0|800006977|01|00|U|0069929||02122011|02122011|1702,00|0|||1702,00|9||||1702,00|289,34||||||||
|C170|1|090240||1,00000|UN|59,00||0|000|1202||59,00|17,00|10,03|0||0|||||||50|59,00|0,65|||0,38|50|59,00|3,00|||1,77||
|C170|2|090280||1,00000|UN|189,00||0|000|1202||189,00|17,00|32,13|0||0|||||||50|189,00|0,65|||1,23|50|189,00|3,00|||5,67||
|C170|3|120020||1,00000|UN|109,00||0|000|1202||109,00|17,00|18,53|0||0|||||||50|109,00|0,65|||0,71|50|109,00|3,00|||3,27||
|C170|4|150070||1,00000|UN|59,00||0|000|1202||59,00|17,00|10,03|0||0|||||||50|59,00|0,65|||0,38|50|59,00|3,00|||1,77||
|C170|5|150040||1,00000|UN|59,00||0|000|1202||59,00|17,00|10,03|0||0|||||||50|59,00|0,65|||0,38|50|59,00|3,00|||1,77||
|C170|6|100210||1,00000|UN|379,00||0|000|1202||379,00|17,00|64,43|0||0|||||||50|379,00|0,65|||2,46|50|379,00|3,00|||11,37||
|C170|7|290300||1,00000|UN|139,00||0|000|1202||139,00|17,00|23,63|0||0|||||||50|139,00|0,65|||0,90|50|139,00|3,00|||4,17||
|C170|8|330240||1,00000|UN|89,00||0|000|1202||89,00|17,00|15,13|0||0|||||||50|89,00|0,65|||0,58|50|89,00|3,00|||2,67||
|C170|9|290270||1,00000|UN|89,00||0|000|1202||89,00|17,00|15,13|0||0|||||||50|89,00|0,65|||0,58|50|89,00|3,00|||2,67||
|C170|10|200530||1,00000|UN|179,00||0|000|1202||179,00|17,00|30,43|0||0|||||||50|179,00|0,65|||1,16|50|179,00|3,00|||5,37||
|C170|11|290340||1,00000|UN|69,00||0|000|1202||69,00|17,00|11,73|0||0|||||||50|69,00|0,65|||0,45|50|69,00|3,00|||2,07||
|C170|12|330020||1,00000|UN|105,00||0|000|1202||105,00|17,00|17,85|0||0|||||||50|105,00|0,65|||0,68|50|105,00|3,00|||3,15||
|C170|13|290340||1,00000|UN|59,00||0|000|1202||59,00|17,00|10,03|0||0|||||||50|59,00|0,65|||0,38|50|59,00|3,00|||1,77||
|C170|14|330090||1,00000|UN|119,00||0|000|1202||119,00|17,00|20,23|0||0|||||||50|119,00|0,65|||0,77|50|119,00|3,00|||3,57||
|C190|000|1202|17,00|1702,00|1702,00|289,34|0|0|0|0||
|C100|0|0|800006977|01|00|U|0069930||02122011|02122011|1335,00|0|||1335,00|9||||1335,00|226,95||||||||
|C170|1|100030||1,00000|UN|519,00||0|000|1202||519,00|17,00|88,23|0||0|||||||50|519,00|0,65|||3,37|50|519,00|3,00|||15,57||
|C170|2|180270||1,00000|UN|259,00||0|000|1202||259,00|17,00|44,03|0||0|||||||50|259,00|0,65|||1,68|50|259,00|3,00|||7,77||
|C170|3|950300||1,00000|UN|99,00||0|000|1202||99,00|17,00|16,83|0||0|||||||50|99,00|0,65|||0,64|50|99,00|3,00|||2,97||
|C170|4|290250||1,00000|UN|129,00||0|000|1202||129,00|17,00|21,93|0||0|||||||50|129,00|0,65|||0,84|50|129,00|3,00|||3,87||
|C170|5|200370||1,00000|UN|329,00||0|000|1202||329,00|17,00|55,93|0||0|||||||50|329,00|0,65|||2,14|50|329,00|3,00|||9,87||
|C190|000|1202|17,00|1335,00|1335,00|226,95|0|0|0|0||
|C100|0|0|800006977|01|00|U|0069933||02122011|02122011|571,00|0|||571,00|9||||571,00|97,07||||||||
|C170|1|330030||1,00000|UN|139,00||0|000|1202||139,00|17,00|23,63|0||0|||||||50|139,00|0,65|||0,90|50|139,00|3,00|||4,17||
|C170|2|330090||1,00000|UN|115,00||0|000|1202||115,00|17,00|19,55|0||0|||||||50|115,00|0,65|||0,75|50|115,00|3,00|||3,45||
|C170|3|810571||1,00000|UN|89,00||0|000|1202||89,00|17,00|15,13|0||0|||||||50|89,00|0,65|||0,58|50|89,00|3,00|||2,67||
|C170|4|950310||1,00000|UN|129,00||0|000|1202||129,00|17,00|21,93|0||0|||||||50|129,00|0,65|||0,84|50|129,00|3,00|||3,87||
|C170|5|330250||1,00000|UN|99,00||0|000|1202||99,00|17,00|16,83|0||0|||||||50|99,00|0,65|||0,64|50|99,00|3,00|||2,97||
|C190|000|1202|17,00|571,00|571,00|97,07|0|0|0|0||
|C100|0|0|800006977|01|00|U|0069934||02122011|02122011|1738,00|0|||1738,00|9||||1738,00|295,46||||||||
|C170|1|040470||1,00000|UN|399,00||0|000|1202||399,00|17,00|67,83|0||0|||||||50|399,00|0,65|||2,59|50|399,00|3,00|||11,97||
|C170|2|040550||1,00000|UN|159,00||0|000|1202||159,00|17,00|27,03|0||0|||||||50|159,00|0,65|||1,03|50|159,00|3,00|||4,77||
|C170|3|330050||1,00000|UN|49,00||0|000|1202||49,00|17,00|8,33|0||0|||||||50|49,00|0,65|||0,32|50|49,00|3,00|||1,47||
|C170|4|160130||1,00000|UN|389,00||0|000|1202||389,00|17,00|66,13|0||0|||||||50|389,00|0,65|||2,53|50|389,00|3,00|||11,67||
|C170|5|761380||1,00000|UN|39,00||0|000|1202||39,00|17,00|6,63|0||0|||||||50|39,00|0,65|||0,25|50|39,00|3,00|||1,17||
|C170|6|330050||1,00000|UN|49,00||0|000|1202||49,00|17,00|8,33|0||0|||||||50|49,00|0,65|||0,32|50|49,00|3,00|||1,47||
|C170|7|890630||1,00000|UN|169,00||0|000|1202||169,00|17,00|28,73|0||0|||||||50|169,00|0,65|||1,10|50|169,00|3,00|||5,07||
|C170|8|910785||1,00000|UN|79,00||0|000|1202||79,00|17,00|13,43|0||0|||||||50|79,00|0,65|||0,51|50|79,00|3,00|||2,37||
|C170|9|950310||1,00000|UN|139,00||0|000|1202||139,00|17,00|23,63|0||0|||||||50|139,00|0,65|||0,90|50|139,00|3,00|||4,17||
|C170|10|880180||1,00000|UN|119,00||0|000|1202||119,00|17,00|20,23|0||0|||||||50|119,00|0,65|||0,77|50|119,00|3,00|||3,57||
|C170|11|910781||1,00000|UN|79,00||0|000|1202||79,00|17,00|13,43|0||0|||||||50|79,00|0,65|||0,51|50|79,00|3,00|||2,37||
|C170|12|910784||1,00000|UN|69,00||0|000|1202||69,00|17,00|11,73|0||0|||||||50|69,00|0,65|||0,45|50|69,00|3,00|||2,07||
|C190|000|1202|17,00|1738,00|1738,00|295,46|0|0|0|0||
|C100|0|0|800006977|01|00|U|0069935||02122011|02122011|2076,00|0|||2076,00|9||||2076,00|352,92||||||||
|C170|1|040470||1,00000|UN|409,00||0|000|1202||409,00|17,00|69,53|0||0|||||||50|409,00|0,65|||2,66|50|409,00|3,00|||12,27||
|C170|2|102090||1,00000|UN|129,00||0|000|1202||129,00|17,00|21,93|0||0|||||||50|129,00|0,65|||0,84|50|129,00|3,00|||3,87||
|C170|3|330030||1,00000|UN|125,00||0|000|1202||125,00|17,00|21,25|0||0|||||||50|125,00|0,65|||0,81|50|125,00|3,00|||3,75||
|C170|4|290270||1,00000|UN|89,00||0|000|1202||89,00|17,00|15,13|0||0|||||||50|89,00|0,65|||0,58|50|89,00|3,00|||2,67||
|C170|5|290190||1,00000|UN|55,00||0|000|1202||55,00|17,00|9,35|0||0|||||||50|55,00|0,65|||0,36|50|55,00|3,00|||1,65||
|C170|6|290250||1,00000|UN|129,00||0|000|1202||129,00|17,00|21,93|0||0|||||||50|129,00|0,65|||0,84|50|129,00|3,00|||3,87||
|C170|7|680281||1,00000|UN|29,00||0|000|1202||29,00|17,00|4,93|0||0|||||||50|29,00|0,65|||0,19|50|29,00|3,00|||0,87||
|C170|8|670820||1,00000|UN|39,00||0|000|1202||39,00|17,00|6,63|0||0|||||||50|39,00|0,65|||0,25|50|39,00|3,00|||1,17||
|C170|9|810571||1,00000|UN|89,00||0|000|1202||89,00|17,00|15,13|0||0|||||||50|89,00|0,65|||0,58|50|89,00|3,00|||2,67||
|C170|10|812990||1,00000|UN|79,00||0|000|1202||79,00|17,00|13,43|0||0|||||||50|79,00|0,65|||0,51|50|79,00|3,00|||2,37||
|C170|11|660480||1,00000|UN|22,00||0|000|1202||22,00|17,00|3,74|0||0|||||||50|22,00|0,65|||0,14|50|22,00|3,00|||0,66||
|C170|12|902430||1,00000|UN|279,00||0|000|1202||279,00|17,00|47,43|0||0|||||||50|279,00|0,65|||1,81|50|279,00|3,00|||8,37||
|C170|13|680930||1,00000|UN|120,00||0|000|1202||120,00|17,00|20,40|0||0|||||||50|120,00|0,65|||0,78|50|120,00|3,00|||3,60||
|C170|14|890081||1,00000|UN|69,00||0|000|1202||69,00|17,00|11,73|0||0|||||||50|69,00|0,65|||0,45|50|69,00|3,00|||2,07||
|C170|15|970300||1,00000|UN|85,00||0|000|1202||85,00|17,00|14,45|0||0|||||||50|85,00|0,65|||0,55|50|85,00|3,00|||2,55||
|C170|16|903573||1,00000|UN|329,00||0|000|1202||329,00|17,00|55,93|0||0|||||||50|329,00|0,65|||2,14|50|329,00|3,00|||9,87||
|C190|000|1202|17,00|2076,00|2076,00|352,92|0|0|0|0||
|C100|0|0|800006977|01|00|U|0069936||02122011|02122011|576,00|0|||576,00|9||||576,00|97,92||||||||
|C170|1|180270||1,00000|UN|259,00||0|000|1202||259,00|17,00|44,03|0||0|||||||50|259,00|0,65|||1,68|50|259,00|3,00|||7,77||
|C170|2|290290||1,00000|UN|119,00||0|000|1202||119,00|17,00|20,23|0||0|||||||50|119,00|0,65|||0,77|50|119,00|3,00|||3,57||
|C170|3|950310||1,00000|UN|139,00||0|000|1202||139,00|17,00|23,63|0||0|||||||50|139,00|0,65|||0,90|50|139,00|3,00|||4,17||
|C170|4|901770||1,00000|UN|59,00||0|000|1202||59,00|17,00|10,03|0||0|||||||50|59,00|0,65|||0,38|50|59,00|3,00|||1,77||
|C190|000|1202|17,00|576,00|576,00|97,92|0|0|0|0||
|C100|0|0|800006977|01|00|U|0069938||02122011|02122011|496,00|0|||496,00|9||||496,00|84,32||||||||
|C170|1|290280||1,00000|UN|119,00||0|000|1202||119,00|17,00|20,23|0||0|||||||50|119,00|0,65|||0,77|50|119,00|3,00|||3,57||
|C170|2|330050||1,00000|UN|59,00||0|000|1202||59,00|17,00|10,03|0||0|||||||50|59,00|0,65|||0,38|50|59,00|3,00|||1,77||
|C170|3|903081||1,00000|UN|269,00||0|000|1202||269,00|17,00|45,73|0||0|||||||50|269,00|0,65|||1,75|50|269,00|3,00|||8,07||
|C170|4|970080||1,00000|UN|49,00||0|000|1202||49,00|17,00|8,33|0||0|||||||50|49,00|0,65|||0,32|50|49,00|3,00|||1,47||
|C190|000|1202|17,00|496,00|496,00|84,32|0|0|0|0||
|C100|0|0|800006977|01|00|U|0069940||02122011|02122011|188,00|0|||188,00|9||||188,00|31,96||||||||
|C170|1|290340||1,00000|UN|69,00||0|000|1202||69,00|17,00|11,73|0||0|||||||50|69,00|0,65|||0,45|50|69,00|3,00|||2,07||
|C170|2|330090||1,00000|UN|119,00||0|000|1202||119,00|17,00|20,23|0||0|||||||50|119,00|0,65|||0,77|50|119,00|3,00|||3,57||
|C190|000|1202|17,00|188,00|188,00|31,96|0|0|0|0||
|C100|0|0|800006977|01|00|U|0069945||05122011|05122011|1458,00|0|||1458,00|9||||1458,00|247,86||||||||
|C170|1|120020||1,00000|UN|99,00||0|000|1202||99,00|17,00|16,83|0||0|||||||50|99,00|0,65|||0,64|50|99,00|3,00|||2,97||
|C170|2|150420||1,00000|UN|99,00||0|000|1202||99,00|17,00|16,83|0||0|||||||50|99,00|0,65|||0,64|50|99,00|3,00|||2,97||
|C170|3|902172||1,00000|UN|320,00||0|000|1202||320,00|17,00|54,40|0||0|||||||50|320,00|0,65|||2,08|50|320,00|3,00|||9,60||
|C170|4|890520||1,00000|UN|99,00||0|000|1202||99,00|17,00|16,83|0||0|||||||50|99,00|0,65|||0,64|50|99,00|3,00|||2,97||
|C170|5|900420||1,00000|UN|39,00||0|000|1202||39,00|17,00|6,63|0||0|||||||50|39,00|0,65|||0,25|50|39,00|3,00|||1,17||
|C170|6|902230||1,00000|UN|55,00||0|000|1202||55,00|17,00|9,35|0||0|||||||50|55,00|0,65|||0,36|50|55,00|3,00|||1,65||
|C170|7|910810||1,00000|UN|399,00||0|000|1202||399,00|17,00|67,83|0||0|||||||50|399,00|0,65|||2,59|50|399,00|3,00|||11,97||
|C170|8|910782||1,00000|UN|69,00||0|000|1202||69,00|17,00|11,73|0||0|||||||50|69,00|0,65|||0,45|50|69,00|3,00|||2,07||
|C170|9|950310||1,00000|UN|119,00||0|000|1202||119,00|17,00|20,23|0||0|||||||50|119,00|0,65|||0,77|50|119,00|3,00|||3,57||
|C170|10|910785||1,00000|UN|70,00||0|000|1202||70,00|17,00|11,90|0||0|||||||50|70,00|0,65|||0,46|50|70,00|3,00|||2,10||
|C170|11|902511||1,00000|UN|90,00||0|000|1202||90,00|17,00|15,30|0||0|||||||50|90,00|0,65|||0,59|50|90,00|3,00|||2,70||
|C190|000|1202|17,00|1458,00|1458,00|247,86|0|0|0|0||
|C100|0|0|800006977|01|00|U|0069948||06122011|06122011|1357,00|0|||1357,00|9||||1357,00|230,69||||||||
|C170|1|150420||1,00000|UN|99,00||0|000|1202||99,00|17,00|16,83|0||0|||||||50|99,00|0,65|||0,64|50|99,00|3,00|||2,97||
|C170|2|290300||1,00000|UN|139,00||0|000|1202||139,00|17,00|23,63|0||0|||||||50|139,00|0,65|||0,90|50|139,00|3,00|||4,17||
|C170|3|330090||1,00000|UN|119,00||0|000|1202||119,00|17,00|20,23|0||0|||||||50|119,00|0,65|||0,77|50|119,00|3,00|||3,57||
|C170|4|330050||1,00000|UN|49,00||0|000|1202||49,00|17,00|8,33|0||0|||||||50|49,00|0,65|||0,32|50|49,00|3,00|||1,47||
|C170|5|330240||1,00000|UN|89,00||0|000|1202||89,00|17,00|15,13|0||0|||||||50|89,00|0,65|||0,58|50|89,00|3,00|||2,67||
|C170|6|290300||1,00000|UN|125,00||0|000|1202||125,00|17,00|21,25|0||0|||||||50|125,00|0,65|||0,81|50|125,00|3,00|||3,75||
|C170|7|902511||1,00000|UN|80,00||0|000|1202||80,00|17,00|13,60|0||0|||||||50|80,00|0,65|||0,52|50|80,00|3,00|||2,40||
|C170|8|500040||1,00000|UN|40,00||0|000|1202||40,00|17,00|6,80|0||0|||||||50|40,00|0,65|||0,26|50|40,00|3,00|||1,20||
|C170|9|500170||1,00000|UN|45,00||0|000|1202||45,00|17,00|7,65|0||0|||||||50|45,00|0,65|||0,29|50|45,00|3,00|||1,35||
|C170|10|502201||1,00000|UN|65,00||0|000|1202||65,00|17,00|11,05|0||0|||||||50|65,00|0,65|||0,42|50|65,00|3,00|||1,95||
|C170|11|680930||1,00000|UN|119,00||0|000|1202||119,00|17,00|20,23|0||0|||||||50|119,00|0,65|||0,77|50|119,00|3,00|||3,57||
|C170|12|680690||1,00000|UN|25,00||0|000|1202||25,00|17,00|4,25|0||0|||||||50|25,00|0,65|||0,16|50|25,00|3,00|||0,75||
|C170|13|530850||1,00000|UN|75,00||0|000|1202||75,00|17,00|12,75|0||0|||||||50|75,00|0,65|||0,49|50|75,00|3,00|||2,25||
|C170|14|902511||1,00000|UN|79,00||0|000|1202||79,00|17,00|13,43|0||0|||||||50|79,00|0,65|||0,51|50|79,00|3,00|||2,37||
|C170|15|902710||1,00000|UN|29,00||0|000|1202||29,00|17,00|4,93|0||0|||||||50|29,00|0,65|||0,19|50|29,00|3,00|||0,87||
|C170|16|950141||1,00000|UN|180,00||0|000|1202||180,00|17,00|30,60|0||0|||||||50|180,00|0,65|||1,17|50|180,00|3,00|||5,40||
|C190|000|1202|17,00|1357,00|1357,00|230,69|0|0|0|0||
|C100|0|0|800006977|01|00|U|0069949||06122011|06122011|1389,00|0|||1389,00|9||||1389,00|236,13||||||||
|C170|1|290060||1,00000|UN|259,00||0|000|1202||259,00|17,00|44,03|0||0|||||||50|259,00|0,65|||1,68|50|259,00|3,00|||7,77||
|C170|2|680940||1,00000|UN|59,00||0|000|1202||59,00|17,00|10,03|0||0|||||||50|59,00|0,65|||0,38|50|59,00|3,00|||1,77||
|C170|3|900872||1,00000|UN|99,00||0|000|1202||99,00|17,00|16,83|0||0|||||||50|99,00|0,65|||0,64|50|99,00|3,00|||2,97||
|C170|4|903080||1,00000|UN|139,00||0|000|1202||139,00|17,00|23,63|0||0|||||||50|139,00|0,65|||0,90|50|139,00|3,00|||4,17||
|C170|5|890550||1,00000|UN|229,00||0|000|1202||229,00|17,00|38,93|0||0|||||||50|229,00|0,65|||1,49|50|229,00|3,00|||6,87||
|C170|6|901130||1,00000|UN|85,00||0|000|1202||85,00|17,00|14,45|0||0|||||||50|85,00|0,65|||0,55|50|85,00|3,00|||2,55||
|C170|7|910782||1,00000|UN|69,00||0|000|1202||69,00|17,00|11,73|0||0|||||||50|69,00|0,65|||0,45|50|69,00|3,00|||2,07||
|C170|8|910783||1,00000|UN|75,00||0|000|1202||75,00|17,00|12,75|0||0|||||||50|75,00|0,65|||0,49|50|75,00|3,00|||2,25||
|C170|9|903573||1,00000|UN|300,00||0|000|1202||300,00|17,00|51,00|0||0|||||||50|300,00|0,65|||1,95|50|300,00|3,00|||9,00||
|C170|10|910781||1,00000|UN|75,00||0|000|1202||75,00|17,00|12,75|0||0|||||||50|75,00|0,65|||0,49|50|75,00|3,00|||2,25||
|C190|000|1202|17,00|1389,00|1389,00|236,13|0|0|0|0||
|C100|0|0|800006977|01|00|U|0069950||06122011|06122011|4489,00|0|||4489,00|9||||4489,00|763,13||||||||
|C170|1|030460||1,00000|UN|1356,00||0|000|1202||1356,00|17,00|230,52|0||0|||||||50|1356,00|0,65|||8,81|50|1356,00|3,00|||40,68||
|C170|2|040133||1,00000|UN|765,00||0|000|1202||765,00|17,00|130,05|0||0|||||||50|765,00|0,65|||4,97|50|765,00|3,00|||22,95||
|C170|3|040570||1,00000|UN|220,00||0|000|1202||220,00|17,00|37,40|0||0|||||||50|220,00|0,65|||1,43|50|220,00|3,00|||6,60||
|C170|4|150420||1,00000|UN|99,00||0|000|1202||99,00|17,00|16,83|0||0|||||||50|99,00|0,65|||0,64|50|99,00|3,00|||2,97||
|C170|5|180273||1,00000|UN|303,00||0|000|1202||303,00|17,00|51,51|0||0|||||||50|303,00|0,65|||1,97|50|303,00|3,00|||9,09||
|C170|6|100160||1,00000|UN|459,00||0|000|1202||459,00|17,00|78,03|0||0|||||||50|459,00|0,65|||2,98|50|459,00|3,00|||13,77||
|C170|7|200390||1,00000|UN|484,00||0|000|1202||484,00|17,00|82,28|0||0|||||||50|484,00|0,65|||3,15|50|484,00|3,00|||14,52||
|C170|8|890630||1,00000|UN|159,00||0|000|1202||159,00|17,00|27,03|0||0|||||||50|159,00|0,65|||1,03|50|159,00|3,00|||4,77||
|C170|9|502201||1,00000|UN|65,00||0|000|1202||65,00|17,00|11,05|0||0|||||||50|65,00|0,65|||0,42|50|65,00|3,00|||1,95||
|C170|10|900872||1,00000|UN|109,00||0|000|1202||109,00|17,00|18,53|0||0|||||||50|109,00|0,65|||0,71|50|109,00|3,00|||3,27||
|C170|11|902511||1,00000|UN|90,00||0|000|1202||90,00|17,00|15,30|0||0|||||||50|90,00|0,65|||0,59|50|90,00|3,00|||2,70||
|C170|12|900800||1,00000|UN|99,00||0|000|1202||99,00|17,00|16,83|0||0|||||||50|99,00|0,65|||0,64|50|99,00|3,00|||2,97||
|C170|13|910781||1,00000|UN|69,00||0|000|1202||69,00|17,00|11,73|0||0|||||||50|69,00|0,65|||0,45|50|69,00|3,00|||2,07||
|C170|14|910782||1,00000|UN|69,00||0|000|1202||69,00|17,00|11,73|0||0|||||||50|69,00|0,65|||0,45|50|69,00|3,00|||2,07||
|C170|15|910783||1,00000|UN|69,00||0|000|1202||69,00|17,00|11,73|0||0|||||||50|69,00|0,65|||0,45|50|69,00|3,00|||2,07||
|C170|16|910785||1,00000|UN|74,00||0|000|1202||74,00|17,00|12,58|0||0|||||||50|74,00|0,65|||0,48|50|74,00|3,00|||2,22||
|C190|000|1202|17,00|4489,00|4489,00|763,13|0|0|0|0||
|C100|0|0|800006977|01|00|U|0069951||06122011|06122011|578,00|0|||578,00|9||||578,00|98,26||||||||
|C170|1|180273||1,00000|UN|319,00||0|000|1202||319,00|17,00|54,23|0||0|||||||50|319,00|0,65|||2,07|50|319,00|3,00|||9,57||
|C170|2|290033||1,00000|UN|179,00||0|000|1202||179,00|17,00|30,43|0||0|||||||50|179,00|0,65|||1,16|50|179,00|3,00|||5,37||
|C170|3|902511||1,00000|UN|80,00||0|000|1202||80,00|17,00|13,60|0||0|||||||50|80,00|0,65|||0,52|50|80,00|3,00|||2,40||
|C190|000|1202|17,00|578,00|578,00|98,26|0|0|0|0||
|C100|0|0|800006977|01|00|U|0069952||06122011|06122011|188,00|0|||188,00|9||||188,00|31,96||||||||
|C170|1|090240||1,00000|UN|69,00||0|000|1202||69,00|17,00|11,73|0||0|||||||50|69,00|0,65|||0,45|50|69,00|3,00|||2,07||
|C170|2|290280||1,00000|UN|119,00||0|000|1202||119,00|17,00|20,23|0||0|||||||50|119,00|0,65|||0,77|50|119,00|3,00|||3,57||
|C190|000|1202|17,00|188,00|188,00|31,96|0|0|0|0||
|C100|0|0|800006977|01|00|U|0069953||06122011|06122011|248,00|0|||248,00|9||||248,00|42,16||||||||
|C170|1|120020||1,00000|UN|99,00||0|000|1202||99,00|17,00|16,83|0||0|||||||50|99,00|0,65|||0,64|50|99,00|3,00|||2,97||
|C170|2|890360||1,00000|UN|149,00||0|000|1202||149,00|17,00|25,33|0||0|||||||50|149,00|0,65|||0,97|50|149,00|3,00|||4,47||
|C190|000|1202|17,00|248,00|248,00|42,16|0|0|0|0||
|C100|0|0|800006977|01|00|U|0069954||06122011|06122011|519,00|0|||519,00|9||||519,00|88,23||||||||
|C170|1|030533||1,00000|UN|519,00||0|000|1202||519,00|17,00|88,23|0||0|||||||50|519,00|0,65|||3,37|50|519,00|3,00|||15,57||
|C190|000|1202|17,00|519,00|519,00|88,23|0|0|0|0||
|C100|0|0|800006977|01|00|U|0069956||06122011|06122011|2700,00|0|||2700,00|9||||2700,00|459,00||||||||
|C170|1|051210||1,00000|UN|1348,00||0|000|1202||1348,00|17,00|229,16|0||0|||||||50|1348,00|0,65|||8,76|50|1348,00|3,00|||40,44||
|C170|2|090280||1,00000|UN|179,00||0|000|1202||179,00|17,00|30,43|0||0|||||||50|179,00|0,65|||1,16|50|179,00|3,00|||5,37||
|C170|3|180550||1,00000|UN|515,00||0|000|1202||515,00|17,00|87,55|0||0|||||||50|515,00|0,65|||3,35|50|515,00|3,00|||15,45||
|C170|4|100200||1,00000|UN|399,00||0|000|1202||399,00|17,00|67,83|0||0|||||||50|399,00|0,65|||2,59|50|399,00|3,00|||11,97||
|C170|5|180270||1,00000|UN|259,00||0|000|1202||259,00|17,00|44,03|0||0|||||||50|259,00|0,65|||1,68|50|259,00|3,00|||7,77||
|C190|000|1202|17,00|2700,00|2700,00|459,00|0|0|0|0||
|C100|0|0|800006977|01|00|U|0069960||06122011|06122011|1967,00|0|||1967,00|9||||1967,00|334,39||||||||
|C170|1|040560||1,00000|UN|319,00||0|000|1202||319,00|17,00|54,23|0||0|||||||50|319,00|0,65|||2,07|50|319,00|3,00|||9,57||
|C170|2|100210||1,00000|UN|379,00||0|000|1202||379,00|17,00|64,43|0||0|||||||50|379,00|0,65|||2,46|50|379,00|3,00|||11,37||
|C170|3|290220||1,00000|UN|79,00||0|000|1202||79,00|17,00|13,43|0||0|||||||50|79,00|0,65|||0,51|50|79,00|3,00|||2,37||
|C170|4|290250||1,00000|UN|129,00||0|000|1202||129,00|17,00|21,93|0||0|||||||50|129,00|0,65|||0,84|50|129,00|3,00|||3,87||
|C170|5|180203||1,00000|UN|390,00||0|000|1202||390,00|17,00|66,30|0||0|||||||50|390,00|0,65|||2,54|50|390,00|3,00|||11,70||
|C170|6|180270||1,00000|UN|259,00||0|000|1202||259,00|17,00|44,03|0||0|||||||50|259,00|0,65|||1,68|50|259,00|3,00|||7,77||
|C170|7|502201||1,00000|UN|70,00||0|000|1202||70,00|17,00|11,90|0||0|||||||50|70,00|0,65|||0,46|50|70,00|3,00|||2,10||
|C170|8|502201||1,00000|UN|65,00||0|000|1202||65,00|17,00|11,05|0||0|||||||50|65,00|0,65|||0,42|50|65,00|3,00|||1,95||
|C170|9|840434||1,00000|UN|49,00||0|000|1202||49,00|17,00|8,33|0||0|||||||50|49,00|0,65|||0,32|50|49,00|3,00|||1,47||
|C170|10|890501||1,00000|UN|99,00||0|000|1202||99,00|17,00|16,83|0||0|||||||50|99,00|0,65|||0,64|50|99,00|3,00|||2,97||
|C170|11|950310||1,00000|UN|129,00||0|000|1202||129,00|17,00|21,93|0||0|||||||50|129,00|0,65|||0,84|50|129,00|3,00|||3,87||
|C190|000|1202|17,00|1967,00|1967,00|334,39|0|0|0|0||
|C100|0|0|800006977|01|00|U|0069961||06122011|06122011|115,00|0|||115,00|9||||115,00|19,55||||||||
|C170|1|330090||1,00000|UN|115,00||0|000|1202||115,00|17,00|19,55|0||0|||||||50|115,00|0,65|||0,75|50|115,00|3,00|||3,45||
|C190|000|1202|17,00|115,00|115,00|19,55|0|0|0|0||
|C100|0|0|800006977|01|00|U|0069962||06122011|06122011|2167,00|0|||2167,00|9||||2167,00|368,39||||||||
|C170|1|100160||1,00000|UN|469,00||0|000|1202||469,00|17,00|79,73|0||0|||||||50|469,00|0,65|||3,05|50|469,00|3,00|||14,07||
|C170|2|120090||1,00000|UN|69,00||0|000|1202||69,00|17,00|11,73|0||0|||||||50|69,00|0,65|||0,45|50|69,00|3,00|||2,07||
|C170|3|890550||1,00000|UN|229,00||0|000|1202||229,00|17,00|38,93|0||0|||||||50|229,00|0,65|||1,49|50|229,00|3,00|||6,87||
|C170|4|180270||1,00000|UN|251,00||0|000|1202||251,00|17,00|42,67|0||0|||||||50|251,00|0,65|||1,63|50|251,00|3,00|||7,53||
|C170|5|180273||1,00000|UN|319,00||0|000|1202||319,00|17,00|54,23|0||0|||||||50|319,00|0,65|||2,07|50|319,00|3,00|||9,57||
|C170|6|180550||1,00000|UN|539,00||0|000|1202||539,00|17,00|91,63|0||0|||||||50|539,00|0,65|||3,50|50|539,00|3,00|||16,17||
|C170|7|910783||1,00000|UN|79,00||0|000|1202||79,00|17,00|13,43|0||0|||||||50|79,00|0,65|||0,51|50|79,00|3,00|||2,37||
|C170|8|910783||1,00000|UN|69,00||0|000|1202||69,00|17,00|11,73|0||0|||||||50|69,00|0,65|||0,45|50|69,00|3,00|||2,07||
|C170|9|970210||1,00000|UN|39,00||0|000|1202||39,00|17,00|6,63|0||0|||||||50|39,00|0,65|||0,25|50|39,00|3,00|||1,17||
|C170|10|901541||1,00000|UN|59,00||0|000|1202||59,00|17,00|10,03|0||0|||||||50|59,00|0,65|||0,38|50|59,00|3,00|||1,77||
|C170|11|970370||1,00000|UN|45,00||0|000|1202||45,00|17,00|7,65|0||0|||||||50|45,00|0,65|||0,29|50|45,00|3,00|||1,35||
|C190|000|1202|17,00|2167,00|2167,00|368,39|0|0|0|0||
|C100|0|0|800006977|01|00|U|0069969||07122011|07122011|1575,00|0|||1575,00|9||||1575,00|267,75||||||||
|C170|1|120080||1,00000|UN|149,00||0|000|1202||149,00|17,00|25,33|0||0|||||||50|149,00|0,65|||0,97|50|149,00|3,00|||4,47||
|C170|2|160130||1,00000|UN|399,00||0|000|1202||399,00|17,00|67,83|0||0|||||||50|399,00|0,65|||2,59|50|399,00|3,00|||11,97||
|C170|3|180590||1,00000|UN|259,00||0|000|1202||259,00|17,00|44,03|0||0|||||||50|259,00|0,65|||1,68|50|259,00|3,00|||7,77||
|C170|4|903081||1,00000|UN|269,00||0|000|1202||269,00|17,00|45,73|0||0|||||||50|269,00|0,65|||1,75|50|269,00|3,00|||8,07||
|C170|5|180400||1,00000|UN|499,00||0|000|1202||499,00|17,00|84,83|0||0|||||||50|499,00|0,65|||3,24|50|499,00|3,00|||14,97||
|C190|000|1202|17,00|1575,00|1575,00|267,75|0|0|0|0||
|C100|0|0|800006977|01|00|U|0069973||08122011|08122011|189,00|0|||189,00|9||||189,00|32,13||||||||
|C170|1|090280||1,00000|UN|189,00||0|000|1202||189,00|17,00|32,13|0||0|||||||50|189,00|0,65|||1,23|50|189,00|3,00|||5,67||
|C190|000|1202|17,00|189,00|189,00|32,13|0|0|0|0||
|C100|0|0|800006977|01|00|U|0069978||09122011|09122011|2199,00|0|||2199,00|9||||2199,00|373,83||||||||
|C170|1|030093||1,00000|UN|2199,00||0|000|1202||2199,00|17,00|373,83|0||0|||||||50|2199,00|0,65|||14,29|50|2199,00|3,00|||65,97||
|C190|000|1202|17,00|2199,00|2199,00|373,83|0|0|0|0||
|C100|0|0|800006977|01|00|U|0069979||09122011|09122011|968,00|0|||968,00|9||||968,00|164,56||||||||
|C170|1|031240||1,00000|UN|269,00||0|000|1202||269,00|17,00|45,73|0||0|||||||50|269,00|0,65|||1,75|50|269,00|3,00|||8,07||
|C170|2|101200||1,00000|UN|79,00||0|000|1202||79,00|17,00|13,43|0||0|||||||50|79,00|0,65|||0,51|50|79,00|3,00|||2,37||
|C170|3|810571||1,00000|UN|89,00||0|000|1202||89,00|17,00|15,13|0||0|||||||50|89,00|0,65|||0,58|50|89,00|3,00|||2,67||
|C170|4|680281||1,00000|UN|35,00||0|000|1202||35,00|17,00|5,95|0||0|||||||50|35,00|0,65|||0,23|50|35,00|3,00|||1,05||
|C170|5|200530||1,00000|UN|179,00||0|000|1202||179,00|17,00|30,43|0||0|||||||50|179,00|0,65|||1,16|50|179,00|3,00|||5,37||
|C170|6|120070||1,00000|UN|139,00||0|000|1202||139,00|17,00|23,63|0||0|||||||50|139,00|0,65|||0,90|50|139,00|3,00|||4,17||
|C170|7|910784||1,00000|UN|69,00||0|000|1202||69,00|17,00|11,73|0||0|||||||50|69,00|0,65|||0,45|50|69,00|3,00|||2,07||
|C170|8|890520||1,00000|UN|109,00||0|000|1202||109,00|17,00|18,53|0||0|||||||50|109,00|0,65|||0,71|50|109,00|3,00|||3,27||
|C190|000|1202|17,00|968,00|968,00|164,56|0|0|0|0||
|C100|0|0|800006977|01|00|U|0069981||09122011|09122011|585,00|0|||585,00|9||||585,00|99,45||||||||
|C170|1|180243||1,00000|UN|530,00||0|000|1202||530,00|17,00|90,10|0||0|||||||50|530,00|0,65|||3,45|50|530,00|3,00|||15,90||
|C170|2|290190||1,00000|UN|55,00||0|000|1202||55,00|17,00|9,35|0||0|||||||50|55,00|0,65|||0,36|50|55,00|3,00|||1,65||
|C190|000|1202|17,00|585,00|585,00|99,45|0|0|0|0||
|C100|0|0|800006977|01|00|U|0069983||09122011|09122011|897,00|0|||897,00|9||||897,00|152,49||||||||
|C170|1|031240||1,00000|UN|289,00||0|000|1202||289,00|17,00|49,13|0||0|||||||50|289,00|0,65|||1,88|50|289,00|3,00|||8,67||
|C170|2|100210||1,00000|UN|379,00||0|000|1202||379,00|17,00|64,43|0||0|||||||50|379,00|0,65|||2,46|50|379,00|3,00|||11,37||
|C170|3|330130||1,00000|UN|229,00||0|000|1202||229,00|17,00|38,93|0||0|||||||50|229,00|0,65|||1,49|50|229,00|3,00|||6,87||
|C190|000|1202|17,00|897,00|897,00|152,49|0|0|0|0||
|C100|0|0|800006977|01|00|U|0069984||09122011|09122011|858,00|0|||858,00|9||||858,00|145,86||||||||
|C170|1|180273||1,00000|UN|319,00||0|000|1202||319,00|17,00|54,23|0||0|||||||50|319,00|0,65|||2,07|50|319,00|3,00|||9,57||
|C170|2|180550||1,00000|UN|539,00||0|000|1202||539,00|17,00|91,63|0||0|||||||50|539,00|0,65|||3,50|50|539,00|3,00|||16,17||
|C190|000|1202|17,00|858,00|858,00|145,86|0|0|0|0||
|C100|0|0|800006977|01|00|U|0069986||09122011|09122011|99,00|0|||99,00|9||||99,00|16,83||||||||
|C170|1|890520||1,00000|UN|99,00||0|000|1202||99,00|17,00|16,83|0||0|||||||50|99,00|0,65|||0,64|50|99,00|3,00|||2,97||
|C190|000|1202|17,00|99,00|99,00|16,83|0|0|0|0||
|C100|0|0|800006977|01|00|U|0069992||12122011|12122011|427,00|0|||427,00|9||||427,00|72,59||||||||
|C170|1|160140||1,00000|UN|179,00||0|000|1202||179,00|17,00|30,43|0||0|||||||50|179,00|0,65|||1,16|50|179,00|3,00|||5,37||
|C170|2|290220||1,00000|UN|89,00||0|000|1202||89,00|17,00|15,13|0||0|||||||50|89,00|0,65|||0,58|50|89,00|3,00|||2,67||
|C170|3|330250||1,00000|UN|99,00||0|000|1202||99,00|17,00|16,83|0||0|||||||50|99,00|0,65|||0,64|50|99,00|3,00|||2,97||
|C170|4|910720||1,00000|UN|60,00||0|000|1202||60,00|17,00|10,20|0||0|||||||50|60,00|0,65|||0,39|50|60,00|3,00|||1,80||
|C190|000|1202|17,00|427,00|427,00|72,59|0|0|0|0||
|C100|0|0|800006977|01|00|U|0069996||13122011|13122011|599,00|0|||599,00|9||||599,00|101,83||||||||
|C170|1|180190||1,00000|UN|599,00||0|000|1202||599,00|17,00|101,83|0||0|||||||50|599,00|0,65|||3,89|50|599,00|3,00|||17,97||
|C190|000|1202|17,00|599,00|599,00|101,83|0|0|0|0||
|C100|0|0|800006977|01|00|U|0069997||13122011|13122011|2367,00|0|||2367,00|9||||2367,00|402,39||||||||
|C170|1|040383||1,00000|UN|650,00||0|000|1202||650,00|17,00|110,50|0||0|||||||50|650,00|0,65|||4,23|50|650,00|3,00|||19,50||
|C170|2|120020||1,00000|UN|99,00||0|000|1202||99,00|17,00|16,83|0||0|||||||50|99,00|0,65|||0,64|50|99,00|3,00|||2,97||
|C170|3|290300||1,00000|UN|129,00||0|000|1202||129,00|17,00|21,93|0||0|||||||50|129,00|0,65|||0,84|50|129,00|3,00|||3,87||
|C170|4|290220||1,00000|UN|89,00||0|000|1202||89,00|17,00|15,13|0||0|||||||50|89,00|0,65|||0,58|50|89,00|3,00|||2,67||
|C170|5|180270||1,00000|UN|245,00||0|000|1202||245,00|17,00|41,65|0||0|||||||50|245,00|0,65|||1,59|50|245,00|3,00|||7,35||
|C170|6|290300||1,00000|UN|129,00||0|000|1202||129,00|17,00|21,93|0||0|||||||50|129,00|0,65|||0,84|50|129,00|3,00|||3,87||
|C170|7|901411||1,00000|UN|99,00||0|000|1202||99,00|17,00|16,83|0||0|||||||50|99,00|0,65|||0,64|50|99,00|3,00|||2,97||
|C170|8|890500||1,00000|UN|99,00||0|000|1202||99,00|17,00|16,83|0||0|||||||50|99,00|0,65|||0,64|50|99,00|3,00|||2,97||
|C170|9|890500||1,00000|UN|99,00||0|000|1202||99,00|17,00|16,83|0||0|||||||50|99,00|0,65|||0,64|50|99,00|3,00|||2,97||
|C170|10|910782||1,00000|UN|69,00||0|000|1202||69,00|17,00|11,73|0||0|||||||50|69,00|0,65|||0,45|50|69,00|3,00|||2,07||
|C170|11|900053||1,00000|UN|69,00||0|000|1202||69,00|17,00|11,73|0||0|||||||50|69,00|0,65|||0,45|50|69,00|3,00|||2,07||
|C170|12|903573||1,00000|UN|299,00||0|000|1202||299,00|17,00|50,83|0||0|||||||50|299,00|0,65|||1,94|50|299,00|3,00|||8,97||
|C170|13|500090||1,00000|UN|65,00||0|000|1202||65,00|17,00|11,05|0||0|||||||50|65,00|0,65|||0,42|50|65,00|3,00|||1,95||
|C170|14|890500||1,00000|UN|99,00||0|000|1202||99,00|17,00|16,83|0||0|||||||50|99,00|0,65|||0,64|50|99,00|3,00|||2,97||
|C170|15|910960||1,00000|UN|59,00||0|000|1202||59,00|17,00|10,03|0||0|||||||50|59,00|0,65|||0,38|50|59,00|3,00|||1,77||
|C170|16|910782||1,00000|UN|69,00||0|000|1202||69,00|17,00|11,73|0||0|||||||50|69,00|0,65|||0,45|50|69,00|3,00|||2,07||
|C190|000|1202|17,00|2367,00|2367,00|402,39|0|0|0|0||
|C100|0|0|800006977|01|00|U|0069998||13122011|13122011|1209,00|0|||1209,00|9||||1209,00|205,53||||||||
|C170|1|090240||1,00000|UN|69,00||0|000|1202||69,00|17,00|11,73|0||0|||||||50|69,00|0,65|||0,45|50|69,00|3,00|||2,07||
|C170|2|120130||1,00000|UN|49,00||0|000|1202||49,00|17,00|8,33|0||0|||||||50|49,00|0,65|||0,32|50|49,00|3,00|||1,47||
|C170|3|180270||1,00000|UN|259,00||0|000|1202||259,00|17,00|44,03|0||0|||||||50|259,00|0,65|||1,68|50|259,00|3,00|||7,77||
|C170|4|180280||1,00000|UN|89,00||0|000|1202||89,00|17,00|15,13|0||0|||||||50|89,00|0,65|||0,58|50|89,00|3,00|||2,67||
|C170|5|290250||1,00000|UN|129,00||0|000|1202||129,00|17,00|21,93|0||0|||||||50|129,00|0,65|||0,84|50|129,00|3,00|||3,87||
|C170|6|290260||1,00000|UN|49,00||0|000|1202||49,00|17,00|8,33|0||0|||||||50|49,00|0,65|||0,32|50|49,00|3,00|||1,47||
|C170|7|500090||1,00000|UN|79,00||0|000|1202||79,00|17,00|13,43|0||0|||||||50|79,00|0,65|||0,51|50|79,00|3,00|||2,37||
|C170|8|890341||1,00000|UN|15,00||0|000|1202||15,00|17,00|2,55|0||0|||||||50|15,00|0,65|||0,10|50|15,00|3,00|||0,45||
|C170|9|500550||1,00000|UN|8,00||0|000|1202||8,00|17,00|1,36|0||0|||||||50|8,00|0,65|||0,05|50|8,00|3,00|||0,24||
|C170|10|501160||1,00000|UN|10,00||0|000|1202||10,00|17,00|1,70|0||0|||||||50|10,00|0,65|||0,07|50|10,00|3,00|||0,30||
|C170|11|330240||1,00000|UN|89,00||0|000|1202||89,00|17,00|15,13|0||0|||||||50|89,00|0,65|||0,58|50|89,00|3,00|||2,67||
|C170|12|840431||1,00000|UN|69,00||0|000|1202||69,00|17,00|11,73|0||0|||||||50|69,00|0,65|||0,45|50|69,00|3,00|||2,07||
|C170|13|680930||1,00000|UN|129,00||0|000|1202||129,00|17,00|21,93|0||0|||||||50|129,00|0,65|||0,84|50|129,00|3,00|||3,87||
|C170|14|680940||1,00000|UN|69,00||0|000|1202||69,00|17,00|11,73|0||0|||||||50|69,00|0,65|||0,45|50|69,00|3,00|||2,07||
|C170|15|970180||1,00000|UN|59,00||0|000|1202||59,00|17,00|10,03|0||0|||||||50|59,00|0,65|||0,38|50|59,00|3,00|||1,77||
|C170|16|900890||1,00000|UN|38,00||0|000|1202||38,00|17,00|6,46|0||0|||||||50|38,00|0,65|||0,25|50|38,00|3,00|||1,14||
|C190|000|1202|17,00|1209,00|1209,00|205,53|0|0|0|0||
|C100|0|0|800006977|01|00|U|0069999||13122011|13122011|273,00|0|||273,00|9||||273,00|46,41||||||||
|C170|1|120030||1,00000|UN|99,00||0|000|1202||99,00|17,00|16,83|0||0|||||||50|99,00|0,65|||0,64|50|99,00|3,00|||2,97||
|C170|2|290190||1,00000|UN|55,00||0|000|1202||55,00|17,00|9,35|0||0|||||||50|55,00|0,65|||0,36|50|55,00|3,00|||1,65||
|C170|3|290280||1,00000|UN|119,00||0|000|1202||119,00|17,00|20,23|0||0|||||||50|119,00|0,65|||0,77|50|119,00|3,00|||3,57||
|C190|000|1202|17,00|273,00|273,00|46,41|0|0|0|0||
|C100|0|0|800006977|01|00|U|0070000||13122011|13122011|4968,00|0|||4968,00|9||||4968,00|844,56||||||||
|C170|1|040123||1,00000|UN|749,00||0|000|1202||749,00|17,00|127,33|0||0|||||||50|749,00|0,65|||4,87|50|749,00|3,00|||22,47||
|C170|2|040423||1,00000|UN|769,00||0|000|1202||769,00|17,00|130,73|0||0|||||||50|769,00|0,65|||5,00|50|769,00|3,00|||23,07||
|C170|3|100200||1,00000|UN|399,00||0|000|1202||399,00|17,00|67,83|0||0|||||||50|399,00|0,65|||2,59|50|399,00|3,00|||11,97||
|C170|4|040470||1,00000|UN|409,00||0|000|1202||409,00|17,00|69,53|0||0|||||||50|409,00|0,65|||2,66|50|409,00|3,00|||12,27||
|C170|5|120020||1,00000|UN|99,00||0|000|1202||99,00|17,00|16,83|0||0|||||||50|99,00|0,65|||0,64|50|99,00|3,00|||2,97||
|C170|6|120030||1,00000|UN|92,00||0|000|1202||92,00|17,00|15,64|0||0|||||||50|92,00|0,65|||0,60|50|92,00|3,00|||2,76||
|C170|7|160190||1,00000|UN|399,00||0|000|1202||399,00|17,00|67,83|0||0|||||||50|399,00|0,65|||2,59|50|399,00|3,00|||11,97||
|C170|8|760310||1,00000|UN|319,00||0|000|1202||319,00|17,00|54,23|0||0|||||||50|319,00|0,65|||2,07|50|319,00|3,00|||9,57||
|C170|9|902172||1,00000|UN|320,00||0|000|1202||320,00|17,00|54,40|0||0|||||||50|320,00|0,65|||2,08|50|320,00|3,00|||9,60||
|C170|10|330250||1,00000|UN|99,00||0|000|1202||99,00|17,00|16,83|0||0|||||||50|99,00|0,65|||0,64|50|99,00|3,00|||2,97||
|C170|11|520200||1,00000|UN|259,00||0|000|1202||259,00|17,00|44,03|0||0|||||||50|259,00|0,65|||1,68|50|259,00|3,00|||7,77||
|C170|12|290060||1,00000|UN|259,00||0|000|1202||259,00|17,00|44,03|0||0|||||||50|259,00|0,65|||1,68|50|259,00|3,00|||7,77||
|C170|13|890550||1,00000|UN|229,00||0|000|1202||229,00|17,00|38,93|0||0|||||||50|229,00|0,65|||1,49|50|229,00|3,00|||6,87||
|C170|14|290270||1,00000|UN|99,00||0|000|1202||99,00|17,00|16,83|0||0|||||||50|99,00|0,65|||0,64|50|99,00|3,00|||2,97||
|C170|15|910783||1,00000|UN|69,00||0|000|1202||69,00|17,00|11,73|0||0|||||||50|69,00|0,65|||0,45|50|69,00|3,00|||2,07||
|C170|16|902610||1,00000|UN|399,00||0|000|1202||399,00|17,00|67,83|0||0|||||||50|399,00|0,65|||2,59|50|399,00|3,00|||11,97||
|C190|000|1202|17,00|4968,00|4968,00|844,56|0|0|0|0||
|C100|0|0|800006977|01|00|U|0070001||13122011|13122011|1868,00|0|||1868,00|9||||1868,00|317,56||||||||
|C170|1|040570||1,00000|UN|229,00||0|000|1202||229,00|17,00|38,93|0||0|||||||50|229,00|0,65|||1,49|50|229,00|3,00|||6,87||
|C170|2|090240||1,00000|UN|69,00||0|000|1202||69,00|17,00|11,73|0||0|||||||50|69,00|0,65|||0,45|50|69,00|3,00|||2,07||
|C170|3|502201||1,00000|UN|65,00||0|000|1202||65,00|17,00|11,05|0||0|||||||50|65,00|0,65|||0,42|50|65,00|3,00|||1,95||
|C170|4|290053||1,00000|UN|199,00||0|000|1202||199,00|17,00|33,83|0||0|||||||50|199,00|0,65|||1,29|50|199,00|3,00|||5,97||
|C170|5|290250||1,00000|UN|119,00||0|000|1202||119,00|17,00|20,23|0||0|||||||50|119,00|0,65|||0,77|50|119,00|3,00|||3,57||
|C170|6|101200||1,00000|UN|79,00||0|000|1202||79,00|17,00|13,43|0||0|||||||50|79,00|0,65|||0,51|50|79,00|3,00|||2,37||
|C170|7|890440||1,00000|UN|69,00||0|000|1202||69,00|17,00|11,73|0||0|||||||50|69,00|0,65|||0,45|50|69,00|3,00|||2,07||
|C170|8|903140||1,00000|UN|129,00||0|000|1202||129,00|17,00|21,93|0||0|||||||50|129,00|0,65|||0,84|50|129,00|3,00|||3,87||
|C170|9|911040||1,00000|UN|45,00||0|000|1202||45,00|17,00|7,65|0||0|||||||50|45,00|0,65|||0,29|50|45,00|3,00|||1,35||
|C170|10|910720||1,00000|UN|69,00||0|000|1202||69,00|17,00|11,73|0||0|||||||50|69,00|0,65|||0,45|50|69,00|3,00|||2,07||
|C170|11|811060||1,00000|UN|79,00||0|000|1202||79,00|17,00|13,43|0||0|||||||50|79,00|0,65|||0,51|50|79,00|3,00|||2,37||
|C170|12|900231||1,00000|UN|79,00||0|000|1202||79,00|17,00|13,43|0||0|||||||50|79,00|0,65|||0,51|50|79,00|3,00|||2,37||
|C170|13|903081||1,00000|UN|255,00||0|000|1202||255,00|17,00|43,35|0||0|||||||50|255,00|0,65|||1,66|50|255,00|3,00|||7,65||
|C170|14|910782||1,00000|UN|75,00||0|000|1202||75,00|17,00|12,75|0||0|||||||50|75,00|0,65|||0,49|50|75,00|3,00|||2,25||
|C170|15|950141||1,00000|UN|189,00||0|000|1202||189,00|17,00|32,13|0||0|||||||50|189,00|0,65|||1,23|50|189,00|3,00|||5,67||
|C170|16|950310||1,00000|UN|119,00||0|000|1202||119,00|17,00|20,23|0||0|||||||50|119,00|0,65|||0,77|50|119,00|3,00|||3,57||
|C190|000|1202|17,00|1868,00|1868,00|317,56|0|0|0|0||
|C100|0|0|800006977|01|00|U|0070003||13122011|13122011|507,00|0|||507,00|9||||507,00|86,19||||||||
|C170|1|150420||1,00000|UN|109,00||0|000|1202||109,00|17,00|18,53|0||0|||||||50|109,00|0,65|||0,71|50|109,00|3,00|||3,27||
|C170|2|890620||1,00000|UN|219,00||0|000|1202||219,00|17,00|37,23|0||0|||||||50|219,00|0,65|||1,42|50|219,00|3,00|||6,57||
|C170|3|910785||1,00000|UN|79,00||0|000|1202||79,00|17,00|13,43|0||0|||||||50|79,00|0,65|||0,51|50|79,00|3,00|||2,37||
|C170|4|900872||1,00000|UN|100,00||0|000|1202||100,00|17,00|17,00|0||0|||||||50|100,00|0,65|||0,65|50|100,00|3,00|||3,00||
|C190|000|1202|17,00|507,00|507,00|86,19|0|0|0|0||
|C100|0|0|800006977|01|00|U|0070004||13122011|13122011|187,00|0|||187,00|9||||187,00|31,79||||||||
|C170|1|680940||1,00000|UN|59,00||0|000|1202||59,00|17,00|10,03|0||0|||||||50|59,00|0,65|||0,38|50|59,00|3,00|||1,77||
|C170|2|910782||1,00000|UN|69,00||0|000|1202||69,00|17,00|11,73|0||0|||||||50|69,00|0,65|||0,45|50|69,00|3,00|||2,07||
|C170|3|910960||1,00000|UN|59,00||0|000|1202||59,00|17,00|10,03|0||0|||||||50|59,00|0,65|||0,38|50|59,00|3,00|||1,77||
|C190|000|1202|17,00|187,00|187,00|31,79|0|0|0|0||
|C100|0|0|800006977|01|00|U|0070005||13122011|13122011|69,00|0|||69,00|9||||69,00|11,73||||||||
|C170|1|680940||1,00000|UN|69,00||0|000|1202||69,00|17,00|11,73|0||0|||||||50|69,00|0,65|||0,45|50|69,00|3,00|||2,07||
|C190|000|1202|17,00|69,00|69,00|11,73|0|0|0|0||
|C100|0|0|800006977|01|00|U|0070006||13122011|13122011|2499,00|0|||2499,00|9||||2499,00|424,83||||||||
|C170|1|031020||1,00000|UN|1549,00||0|000|1202||1549,00|17,00|263,33|0||0|||||||50|1549,00|0,65|||10,07|50|1549,00|3,00|||46,47||
|C170|2|090240||1,00000|UN|69,00||0|000|1202||69,00|17,00|11,73|0||0|||||||50|69,00|0,65|||0,45|50|69,00|3,00|||2,07||
|C170|3|290270||1,00000|UN|99,00||0|000|1202||99,00|17,00|16,83|0||0|||||||50|99,00|0,65|||0,64|50|99,00|3,00|||2,97||
|C170|4|680940||1,00000|UN|69,00||0|000|1202||69,00|17,00|11,73|0||0|||||||50|69,00|0,65|||0,45|50|69,00|3,00|||2,07||
|C170|5|680930||1,00000|UN|120,00||0|000|1202||120,00|17,00|20,40|0||0|||||||50|120,00|0,65|||0,78|50|120,00|3,00|||3,60||
|C170|6|180273||1,00000|UN|319,00||0|000|1202||319,00|17,00|54,23|0||0|||||||50|319,00|0,65|||2,07|50|319,00|3,00|||9,57||
|C170|7|910785||1,00000|UN|79,00||0|000|1202||79,00|17,00|13,43|0||0|||||||50|79,00|0,65|||0,51|50|79,00|3,00|||2,37||
|C170|8|813000||1,00000|UN|65,00||0|000|1202||65,00|17,00|11,05|0||0|||||||50|65,00|0,65|||0,42|50|65,00|3,00|||1,95||
|C170|9|900401||1,00000|UN|130,00||0|000|1202||130,00|17,00|22,10|0||0|||||||50|130,00|0,65|||0,85|50|130,00|3,00|||3,90||
|C190|000|1202|17,00|2499,00|2499,00|424,83|0|0|0|0||
|C100|0|0|800006977|01|00|U|0070008||13122011|13122011|159,00|0|||159,00|9||||159,00|27,03||||||||
|C170|1|040550||1,00000|UN|159,00||0|000|1202||159,00|17,00|27,03|0||0|||||||50|159,00|0,65|||1,03|50|159,00|3,00|||4,77||
|C190|000|1202|17,00|159,00|159,00|27,03|0|0|0|0||
|C100|0|0|800006977|01|00|U|0070009||13122011|13122011|784,00|0|||784,00|9||||784,00|133,28||||||||
|C170|1|090240||1,00000|UN|59,00||0|000|1202||59,00|17,00|10,03|0||0|||||||50|59,00|0,65|||0,38|50|59,00|3,00|||1,77||
|C170|2|105301||1,00000|UN|79,00||0|000|1202||79,00|17,00|13,43|0||0|||||||50|79,00|0,65|||0,51|50|79,00|3,00|||2,37||
|C170|3|120120||1,00000|UN|278,00||0|000|1202||278,00|17,00|47,26|0||0|||||||50|278,00|0,65|||1,81|50|278,00|3,00|||8,34||
|C170|4|290280||1,00000|UN|119,00||0|000|1202||119,00|17,00|20,23|0||0|||||||50|119,00|0,65|||0,77|50|119,00|3,00|||3,57||
|C170|5|890640||1,00000|UN|249,00||0|000|1202||249,00|17,00|42,33|0||0|||||||50|249,00|0,65|||1,62|50|249,00|3,00|||7,47||
|C190|000|1202|17,00|784,00|784,00|133,28|0|0|0|0||
|C100|0|0|800006977|01|00|U|0070020||14122011|14122011|1033,00|0|||1033,00|9||||1033,00|175,61||||||||
|C170|1|090240||1,00000|UN|69,00||0|000|1202||69,00|17,00|11,73|0||0|||||||50|69,00|0,65|||0,45|50|69,00|3,00|||2,07||
|C170|2|180270||1,00000|UN|259,00||0|000|1202||259,00|17,00|44,03|0||0|||||||50|259,00|0,65|||1,68|50|259,00|3,00|||7,77||
|C170|3|200530||1,00000|UN|179,00||0|000|1202||179,00|17,00|30,43|0||0|||||||50|179,00|0,65|||1,16|50|179,00|3,00|||5,37||
|C170|4|290220||1,00000|UN|79,00||0|000|1202||79,00|17,00|13,43|0||0|||||||50|79,00|0,65|||0,51|50|79,00|3,00|||2,37||
|C170|5|290290||1,00000|UN|119,00||0|000|1202||119,00|17,00|20,23|0||0|||||||50|119,00|0,65|||0,77|50|119,00|3,00|||3,57||
|C170|6|890360||1,00000|UN|149,00||0|000|1202||149,00|17,00|25,33|0||0|||||||50|149,00|0,65|||0,97|50|149,00|3,00|||4,47||
|C170|7|950141||1,00000|UN|179,00||0|000|1202||179,00|17,00|30,43|0||0|||||||50|179,00|0,65|||1,16|50|179,00|3,00|||5,37||
|C190|000|1202|17,00|1033,00|1033,00|175,61|0|0|0|0||
|C100|0|0|800006977|01|00|U|0070029||15122011|15122011|300,00|0|||300,00|9||||300,00|51,00||||||||
|C170|1|290300||1,00000|UN|300,00||0|000|1202||300,00|17,00|51,00|0||0|||||||50|300,00|0,65|||1,95|50|300,00|3,00|||9,00||
|C190|000|1202|17,00|300,00|300,00|51,00|0|0|0|0||
|C100|0|0|800006977|01|00|U|0070032||15122011|15122011|150,00|0|||150,00|9||||150,00|25,50||||||||
|C170|1|120200||1,00000|PC|150,00||0|000|1202||150,00|17,00|25,50|0||0|||||||50|150,00|0,65|||0,98|50|150,00|3,00|||4,50||
|C190|000|1202|17,00|150,00|150,00|25,50|0|0|0|0||
|C100|0|0|800006977|01|00|U|0070034||16122011|16122011|246,00|0|||246,00|9||||246,00|41,82||||||||
|C170|1|180270||1,00000|UN|246,00||0|000|1202||246,00|17,00|41,82|0||0|||||||50|246,00|0,65|||1,60|50|246,00|3,00|||7,38||
|C190|000|1202|17,00|246,00|246,00|41,82|0|0|0|0||
|C100|0|0|800006977|01|00|U|0070043||17122011|17122011|2163,00|0|||2163,00|9||||2163,00|367,71||||||||
|C170|1|040530||1,00000|UN|929,00||0|000|1202||929,00|17,00|157,93|0||0|||||||50|929,00|0,65|||6,04|50|929,00|3,00|||27,87||
|C170|2|100210||1,00000|UN|360,00||0|000|1202||360,00|17,00|61,20|0||0|||||||50|360,00|0,65|||2,34|50|360,00|3,00|||10,80||
|C170|3|290300||1,00000|UN|139,00||0|000|1202||139,00|17,00|23,63|0||0|||||||50|139,00|0,65|||0,90|50|139,00|3,00|||4,17||
|C170|4|290280||1,00000|UN|119,00||0|000|1202||119,00|17,00|20,23|0||0|||||||50|119,00|0,65|||0,77|50|119,00|3,00|||3,57||
|C170|5|330030||1,00000|UN|139,00||0|000|1202||139,00|17,00|23,63|0||0|||||||50|139,00|0,65|||0,90|50|139,00|3,00|||4,17||
|C170|6|180270||1,00000|UN|259,00||0|000|1202||259,00|17,00|44,03|0||0|||||||50|259,00|0,65|||1,68|50|259,00|3,00|||7,77||
|C170|7|890520||1,00000|UN|99,00||0|000|1202||99,00|17,00|16,83|0||0|||||||50|99,00|0,65|||0,64|50|99,00|3,00|||2,97||
|C170|8|950310||1,00000|UN|119,00||0|000|1202||119,00|17,00|20,23|0||0|||||||50|119,00|0,65|||0,77|50|119,00|3,00|||3,57||
|C190|000|1202|17,00|2163,00|2163,00|367,71|0|0|0|0||
|C100|0|0|800006977|01|00|U|0070049||19122011|19122011|69,00|0|||69,00|9||||69,00|11,73||||||||
|C170|1|290190||1,00000|UN|69,00||0|000|1202||69,00|17,00|11,73|0||0|||||||50|69,00|0,65|||0,45|50|69,00|3,00|||2,07||
|C190|000|1202|17,00|69,00|69,00|11,73|0|0|0|0||
|C100|0|0|800006977|01|00|U|0070054||20122011|20122011|946,00|0|||946,00|9||||946,00|160,82||||||||
|C170|1|180270||1,00000|UN|259,00||0|000|1202||259,00|17,00|44,03|0||0|||||||50|259,00|0,65|||1,68|50|259,00|3,00|||7,77||
|C170|2|180273||1,00000|UN|319,00||0|000|1202||319,00|17,00|54,23|0||0|||||||50|319,00|0,65|||2,07|50|319,00|3,00|||9,57||
|C170|3|903081||1,00000|UN|269,00||0|000|1202||269,00|17,00|45,73|0||0|||||||50|269,00|0,65|||1,75|50|269,00|3,00|||8,07||
|C170|4|290080||1,00000|UN|99,00||0|000|1202||99,00|17,00|16,83|0||0|||||||50|99,00|0,65|||0,64|50|99,00|3,00|||2,97||
|C190|000|1202|17,00|946,00|946,00|160,82|0|0|0|0||
|C100|0|0|800006977|01|00|U|0070061||20122011|20122011|1913,00|0|||1913,00|9||||1913,00|325,21||||||||
|C170|1|180270||1,00000|UN|250,00||0|000|1202||250,00|17,00|42,50|0||0|||||||50|250,00|0,65|||1,63|50|250,00|3,00|||7,50||
|C170|2|180273||1,00000|UN|319,00||0|000|1202||319,00|17,00|54,23|0||0|||||||50|319,00|0,65|||2,07|50|319,00|3,00|||9,57||
|C170|3|290190||1,00000|UN|59,00||0|000|1202||59,00|17,00|10,03|0||0|||||||50|59,00|0,65|||0,38|50|59,00|3,00|||1,77||
|C170|4|290220||1,00000|UN|79,00||0|000|1202||79,00|17,00|13,43|0||0|||||||50|79,00|0,65|||0,51|50|79,00|3,00|||2,37||
|C170|5|290340||1,00000|UN|59,00||0|000|1202||59,00|17,00|10,03|0||0|||||||50|59,00|0,65|||0,38|50|59,00|3,00|||1,77||
|C170|6|290300||1,00000|UN|139,00||0|000|1202||139,00|17,00|23,63|0||0|||||||50|139,00|0,65|||0,90|50|139,00|3,00|||4,17||
|C170|7|910781||1,00000|UN|79,00||0|000|1202||79,00|17,00|13,43|0||0|||||||50|79,00|0,65|||0,51|50|79,00|3,00|||2,37||
|C170|8|910782||1,00000|UN|79,00||0|000|1202||79,00|17,00|13,43|0||0|||||||50|79,00|0,65|||0,51|50|79,00|3,00|||2,37||
|C170|9|330090||1,00000|UN|119,00||0|000|1202||119,00|17,00|20,23|0||0|||||||50|119,00|0,65|||0,77|50|119,00|3,00|||3,57||
|C170|10|330240||1,00000|UN|79,00||0|000|1202||79,00|17,00|13,43|0||0|||||||50|79,00|0,65|||0,51|50|79,00|3,00|||2,37||
|C170|11|290340||1,00000|UN|59,00||0|000|1202||59,00|17,00|10,03|0||0|||||||50|59,00|0,65|||0,38|50|59,00|3,00|||1,77||
|C170|12|901670||1,00000|UN|125,00||0|000|1202||125,00|17,00|21,25|0||0|||||||50|125,00|0,65|||0,81|50|125,00|3,00|||3,75||
|C170|13|330130||1,00000|UN|219,00||0|000|1202||219,00|17,00|37,23|0||0|||||||50|219,00|0,65|||1,42|50|219,00|3,00|||6,57||
|C170|14|840620||1,00000|UN|55,00||0|000|1202||55,00|17,00|9,35|0||0|||||||50|55,00|0,65|||0,36|50|55,00|3,00|||1,65||
|C170|15|950310||1,00000|UN|119,00||0|000|1202||119,00|17,00|20,23|0||0|||||||50|119,00|0,65|||0,77|50|119,00|3,00|||3,57||
|C170|16|910783||1,00000|UN|75,00||0|000|1202||75,00|17,00|12,75|0||0|||||||50|75,00|0,65|||0,49|50|75,00|3,00|||2,25||
|C190|000|1202|17,00|1913,00|1913,00|325,21|0|0|0|0||
|C100|0|0|800006977|01|00|U|0070062||20122011|20122011|1018,00|0|||1018,00|9||||1018,00|173,06||||||||
|C170|1|090240||1,00000|UN|59,00||0|000|1202||59,00|17,00|10,03|0||0|||||||50|59,00|0,65|||0,38|50|59,00|3,00|||1,77||
|C170|2|103240||1,00000|UN|35,00||0|000|1202||35,00|17,00|5,95|0||0|||||||50|35,00|0,65|||0,23|50|35,00|3,00|||1,05||
|C170|3|330050||1,00000|UN|59,00||0|000|1202||59,00|17,00|10,03|0||0|||||||50|59,00|0,65|||0,38|50|59,00|3,00|||1,77||
|C170|4|290290||1,00000|UN|119,00||0|000|1202||119,00|17,00|20,23|0||0|||||||50|119,00|0,65|||0,77|50|119,00|3,00|||3,57||
|C170|5|290060||1,00000|UN|259,00||0|000|1202||259,00|17,00|44,03|0||0|||||||50|259,00|0,65|||1,68|50|259,00|3,00|||7,77||
|C170|6|500040||1,00000|UN|45,00||0|000|1202||45,00|17,00|7,65|0||0|||||||50|45,00|0,65|||0,29|50|45,00|3,00|||1,35||
|C170|7|970370||1,00000|UN|45,00||0|000|1202||45,00|17,00|7,65|0||0|||||||50|45,00|0,65|||0,29|50|45,00|3,00|||1,35||
|C170|8|910785||1,00000|UN|75,00||0|000|1202||75,00|17,00|12,75|0||0|||||||50|75,00|0,65|||0,49|50|75,00|3,00|||2,25||
|C170|9|910784||1,00000|UN|69,00||0|000|1202||69,00|17,00|11,73|0||0|||||||50|69,00|0,65|||0,45|50|69,00|3,00|||2,07||
|C170|10|502201||1,00000|UN|75,00||0|000|1202||75,00|17,00|12,75|0||0|||||||50|75,00|0,65|||0,49|50|75,00|3,00|||2,25||
|C170|11|813100||1,00000|UN|59,00||0|000|1202||59,00|17,00|10,03|0||0|||||||50|59,00|0,65|||0,38|50|59,00|3,00|||1,77||
|C170|12|812200||1,00000|UN|79,00||0|000|1202||79,00|17,00|13,43|0||0|||||||50|79,00|0,65|||0,51|50|79,00|3,00|||2,37||
|C170|13|680501||1,00000|UN|40,00||0|000|1202||40,00|17,00|6,80|0||0|||||||50|40,00|0,65|||0,26|50|40,00|3,00|||1,20||
|C190|000|1202|17,00|1018,00|1018,00|173,06|0|0|0|0||
|C100|0|0|800006977|01|00|U|0070070||21122011|21122011|99,00|0|||99,00|9||||99,00|16,83||||||||
|C170|1|890500||1,00000|UN|99,00||0|000|1202||99,00|17,00|16,83|0||0|||||||50|99,00|0,65|||0,64|50|99,00|3,00|||2,97||
|C190|000|1202|17,00|99,00|99,00|16,83|0|0|0|0||
|C100|0|0|800006977|01|00|U|0070077||22122011|22122011|1136,00|0|||1136,00|9||||1136,00|193,12||||||||
|C170|1|070420||4,00000|UN|1136,00||0|000|1202||1136,00|17,00|193,12|0||0|||||||50|1136,00|0,65|||7,38|50|1136,00|3,00|||34,08||
|C190|000|1202|17,00|1136,00|1136,00|193,12|0|0|0|0||
|C100|0|0|800006977|01|00|U|0070079||22122011|22122011|1439,00|0|||1439,00|9||||1439,00|244,63||||||||
|C170|1|030910||1,00000|UN|900,00||0|000|1202||900,00|17,00|153,00|0||0|||||||50|900,00|0,65|||5,85|50|900,00|3,00|||27,00||
|C170|2|031260||1,00000|UN|539,00||0|000|1202||539,00|17,00|91,63|0||0|||||||50|539,00|0,65|||3,50|50|539,00|3,00|||16,17||
|C190|000|1202|17,00|1439,00|1439,00|244,63|0|0|0|0||
|C100|0|0|800006977|01|00|U|0070084||23122011|23122011|2355,00|0|||2355,00|9||||2355,00|400,35||||||||
|C170|1|040470||1,00000|UN|389,00||0|000|1202||389,00|17,00|66,13|0||0|||||||50|389,00|0,65|||2,53|50|389,00|3,00|||11,67||
|C170|2|090220||1,00000|UN|133,00||0|000|1202||133,00|17,00|22,61|0||0|||||||50|133,00|0,65|||0,86|50|133,00|3,00|||3,99||
|C170|3|290280||1,00000|UN|114,00||0|000|1202||114,00|17,00|19,38|0||0|||||||50|114,00|0,65|||0,74|50|114,00|3,00|||3,42||
|C170|4|180203||1,00000|UN|387,00||0|000|1202||387,00|17,00|65,79|0||0|||||||50|387,00|0,65|||2,52|50|387,00|3,00|||11,61||
|C170|5|180550||1,00000|UN|539,00||0|000|1202||539,00|17,00|91,63|0||0|||||||50|539,00|0,65|||3,50|50|539,00|3,00|||16,17||
|C170|6|290250||1,00000|UN|119,00||0|000|1202||119,00|17,00|20,23|0||0|||||||50|119,00|0,65|||0,77|50|119,00|3,00|||3,57||
|C170|7|330020||1,00000|UN|100,00||0|000|1202||100,00|17,00|17,00|0||0|||||||50|100,00|0,65|||0,65|50|100,00|3,00|||3,00||
|C170|8|502201||1,00000|UN|65,00||0|000|1202||65,00|17,00|11,05|0||0|||||||50|65,00|0,65|||0,42|50|65,00|3,00|||1,95||
|C170|9|330250||1,00000|UN|96,00||0|000|1202||96,00|17,00|16,32|0||0|||||||50|96,00|0,65|||0,62|50|96,00|3,00|||2,88||
|C170|10|970300||1,00000|UN|85,00||0|000|1202||85,00|17,00|14,45|0||0|||||||50|85,00|0,65|||0,55|50|85,00|3,00|||2,55||
|C170|11|890560||1,00000|UN|229,00||0|000|1202||229,00|17,00|38,93|0||0|||||||50|229,00|0,65|||1,49|50|229,00|3,00|||6,87||
|C170|12|950300||1,00000|UN|99,00||0|000|1202||99,00|17,00|16,83|0||0|||||||50|99,00|0,65|||0,64|50|99,00|3,00|||2,97||
|C190|000|1202|17,00|2355,00|2355,00|400,35|0|0|0|0||
|C100|0|0|800006977|01|00|U|0070085||23122011|23122011|158,00|0|||158,00|9||||158,00|26,86||||||||
|C170|1|090240||1,00000|UN|59,00||0|000|1202||59,00|17,00|10,03|0||0|||||||50|59,00|0,65|||0,38|50|59,00|3,00|||1,77||
|C170|2|890501||1,00000|UN|99,00||0|000|1202||99,00|17,00|16,83|0||0|||||||50|99,00|0,65|||0,64|50|99,00|3,00|||2,97||
|C190|000|1202|17,00|158,00|158,00|26,86|0|0|0|0||
|C100|0|0|800006977|01|00|U|0070086||23122011|23122011|139,00|0|||139,00|9||||139,00|23,63||||||||
|C170|1|520190||1,00000|UN|139,00||0|000|1202||139,00|17,00|23,63|0||0|||||||50|139,00|0,65|||0,90|50|139,00|3,00|||4,17||
|C190|000|1202|17,00|139,00|139,00|23,63|0|0|0|0||
|C100|0|0|800006977|01|00|U|0070094||26122011|26122011|400,00|0|||400,00|9||||400,00|68,00||||||||
|C170|1|040360||1,00000|UN|400,00||0|000|1202||400,00|17,00|68,00|0||0|||||||50|400,00|0,65|||2,60|50|400,00|3,00|||12,00||
|C190|000|1202|17,00|400,00|400,00|68,00|0|0|0|0||
|C100|0|0|800006977|01|00|U|0070095||26122011|26122011|445,00|0|||445,00|9||||445,00|75,65||||||||
|C170|1|090240||1,00000|UN|69,00||0|000|1202||69,00|17,00|11,73|0||0|||||||50|69,00|0,65|||0,45|50|69,00|3,00|||2,07||
|C170|2|090400||1,00000|UN|49,00||0|000|1202||49,00|17,00|8,33|0||0|||||||50|49,00|0,65|||0,32|50|49,00|3,00|||1,47||
|C170|3|901770||1,00000|UN|59,00||0|000|1202||59,00|17,00|10,03|0||0|||||||50|59,00|0,65|||0,38|50|59,00|3,00|||1,77||
|C170|4|290250||1,00000|UN|129,00||0|000|1202||129,00|17,00|21,93|0||0|||||||50|129,00|0,65|||0,84|50|129,00|3,00|||3,87||
|C170|5|500084||1,00000|UN|49,00||0|000|1202||49,00|17,00|8,33|0||0|||||||50|49,00|0,65|||0,32|50|49,00|3,00|||1,47||
|C170|6|950300||1,00000|UN|90,00||0|000|1202||90,00|17,00|15,30|0||0|||||||50|90,00|0,65|||0,59|50|90,00|3,00|||2,70||
|C190|000|1202|17,00|445,00|445,00|75,65|0|0|0|0||
|C100|0|0|800006977|01|00|U|0070096||26122011|26122011|1823,00|0|||1823,00|9||||1823,00|309,91||||||||
|C170|1|090240||1,00000|UN|59,00||0|000|1202||59,00|17,00|10,03|0||0|||||||50|59,00|0,65|||0,38|50|59,00|3,00|||1,77||
|C170|2|180273||1,00000|UN|319,00||0|000|1202||319,00|17,00|54,23|0||0|||||||50|319,00|0,65|||2,07|50|319,00|3,00|||9,57||
|C170|3|290250||1,00000|UN|129,00||0|000|1202||129,00|17,00|21,93|0||0|||||||50|129,00|0,65|||0,84|50|129,00|3,00|||3,87||
|C170|4|180273||1,00000|UN|319,00||0|000|1202||319,00|17,00|54,23|0||0|||||||50|319,00|0,65|||2,07|50|319,00|3,00|||9,57||
|C170|5|290220||1,00000|UN|79,00||0|000|1202||79,00|17,00|13,43|0||0|||||||50|79,00|0,65|||0,51|50|79,00|3,00|||2,37||
|C170|6|290190||1,00000|UN|69,00||0|000|1202||69,00|17,00|11,73|0||0|||||||50|69,00|0,65|||0,45|50|69,00|3,00|||2,07||
|C170|7|890340||1,00000|UN|59,00||0|000|1202||59,00|17,00|10,03|0||0|||||||50|59,00|0,65|||0,38|50|59,00|3,00|||1,77||
|C170|8|330030||1,00000|UN|129,00||0|000|1202||129,00|17,00|21,93|0||0|||||||50|129,00|0,65|||0,84|50|129,00|3,00|||3,87||
|C170|9|680930||1,00000|UN|119,00||0|000|1202||119,00|17,00|20,23|0||0|||||||50|119,00|0,65|||0,77|50|119,00|3,00|||3,57||
|C170|10|910781||1,00000|UN|69,00||0|000|1202||69,00|17,00|11,73|0||0|||||||50|69,00|0,65|||0,45|50|69,00|3,00|||2,07||
|C170|11|290290||1,00000|UN|119,00||0|000|1202||119,00|17,00|20,23|0||0|||||||50|119,00|0,65|||0,77|50|119,00|3,00|||3,57||
|C170|12|290340||1,00000|UN|59,00||0|000|1202||59,00|17,00|10,03|0||0|||||||50|59,00|0,65|||0,38|50|59,00|3,00|||1,77||
|C170|13|901312||1,00000|UN|18,00||0|000|1202||18,00|17,00|3,06|0||0|||||||50|18,00|0,65|||0,12|50|18,00|3,00|||0,54||
|C170|14|902511||1,00000|UN|79,00||0|000|1202||79,00|17,00|13,43|0||0|||||||50|79,00|0,65|||0,51|50|79,00|3,00|||2,37||
|C170|15|910782||1,00000|UN|79,00||0|000|1202||79,00|17,00|13,43|0||0|||||||50|79,00|0,65|||0,51|50|79,00|3,00|||2,37||
|C170|16|950310||1,00000|UN|119,00||0|000|1202||119,00|17,00|20,23|0||0|||||||50|119,00|0,65|||0,77|50|119,00|3,00|||3,57||
|C190|000|1202|17,00|1823,00|1823,00|309,91|0|0|0|0||
|C100|0|0|800006977|01|00|U|0070097||26122011|26122011|1068,00|0|||1068,00|9||||1068,00|181,56||||||||
|C170|1|120050||1,00000|UN|179,00||0|000|1202||179,00|17,00|30,43|0||0|||||||50|179,00|0,65|||1,16|50|179,00|3,00|||5,37||
|C170|2|120120||1,00000|UN|299,00||0|000|1202||299,00|17,00|50,83|0||0|||||||50|299,00|0,65|||1,94|50|299,00|3,00|||8,97||
|C170|3|890520||1,00000|UN|99,00||0|000|1202||99,00|17,00|16,83|0||0|||||||50|99,00|0,65|||0,64|50|99,00|3,00|||2,97||
|C170|4|680940||1,00000|UN|65,00||0|000|1202||65,00|17,00|11,05|0||0|||||||50|65,00|0,65|||0,42|50|65,00|3,00|||1,95||
|C170|5|502201||1,00000|UN|65,00||0|000|1202||65,00|17,00|11,05|0||0|||||||50|65,00|0,65|||0,42|50|65,00|3,00|||1,95||
|C170|6|902511||1,00000|UN|79,00||0|000|1202||79,00|17,00|13,43|0||0|||||||50|79,00|0,65|||0,51|50|79,00|3,00|||2,37||
|C170|7|910785||1,00000|UN|79,00||0|000|1202||79,00|17,00|13,43|0||0|||||||50|79,00|0,65|||0,51|50|79,00|3,00|||2,37||
|C170|8|910960||1,00000|UN|59,00||0|000|1202||59,00|17,00|10,03|0||0|||||||50|59,00|0,65|||0,38|50|59,00|3,00|||1,77||
|C170|9|910784||1,00000|UN|69,00||0|000|1202||69,00|17,00|11,73|0||0|||||||50|69,00|0,65|||0,45|50|69,00|3,00|||2,07||
|C170|10|910785||1,00000|UN|75,00||0|000|1202||75,00|17,00|12,75|0||0|||||||50|75,00|0,65|||0,49|50|75,00|3,00|||2,25||
|C190|000|1202|17,00|1068,00|1068,00|181,56|0|0|0|0||
|C100|0|0|800006977|01|00|U|0070102||26122011|26122011|1448,00|0|||1448,00|9||||1448,00|246,16||||||||
|C170|1|040570||1,00000|UN|199,00||0|000|1202||199,00|17,00|33,83|0||0|||||||50|199,00|0,65|||1,29|50|199,00|3,00|||5,97||
|C170|2|105301||1,00000|UN|79,00||0|000|1202||79,00|17,00|13,43|0||0|||||||50|79,00|0,65|||0,51|50|79,00|3,00|||2,37||
|C170|3|890520||1,00000|UN|99,00||0|000|1202||99,00|17,00|16,83|0||0|||||||50|99,00|0,65|||0,64|50|99,00|3,00|||2,97||
|C170|4|150070||1,00000|UN|59,00||0|000|1202||59,00|17,00|10,03|0||0|||||||50|59,00|0,65|||0,38|50|59,00|3,00|||1,77||
|C170|5|180270||1,00000|UN|259,00||0|000|1202||259,00|17,00|44,03|0||0|||||||50|259,00|0,65|||1,68|50|259,00|3,00|||7,77||
|C170|6|330050||1,00000|UN|49,00||0|000|1202||49,00|17,00|8,33|0||0|||||||50|49,00|0,65|||0,32|50|49,00|3,00|||1,47||
|C170|7|902511||1,00000|UN|79,00||0|000|1202||79,00|17,00|13,43|0||0|||||||50|79,00|0,65|||0,51|50|79,00|3,00|||2,37||
|C170|8|890550||1,00000|UN|229,00||0|000|1202||229,00|17,00|38,93|0||0|||||||50|229,00|0,65|||1,49|50|229,00|3,00|||6,87||
|C170|9|910785||1,00000|UN|79,00||0|000|1202||79,00|17,00|13,43|0||0|||||||50|79,00|0,65|||0,51|50|79,00|3,00|||2,37||
|C170|10|902511||1,00000|UN|79,00||0|000|1202||79,00|17,00|13,43|0||0|||||||50|79,00|0,65|||0,51|50|79,00|3,00|||2,37||
|C170|11|901790||1,00000|UN|39,00||0|000|1202||39,00|17,00|6,63|0||0|||||||50|39,00|0,65|||0,25|50|39,00|3,00|||1,17||
|C170|12|900021||1,00000|UN|199,00||0|000|1202||199,00|17,00|33,83|0||0|||||||50|199,00|0,65|||1,29|50|199,00|3,00|||5,97||
|C190|000|1202|17,00|1448,00|1448,00|246,16|0|0|0|0||
|C100|0|0|800006977|01|00|U|0070103||26122011|26122011|1051,00|0|||1051,00|9||||1051,00|178,67||||||||
|C170|1|090370||1,00000|UN|179,00||0|000|1202||179,00|17,00|30,43|0||0|||||||50|179,00|0,65|||1,16|50|179,00|3,00|||5,37||
|C170|2|090400||1,00000|UN|69,00||0|000|1202||69,00|17,00|11,73|0||0|||||||50|69,00|0,65|||0,45|50|69,00|3,00|||2,07||
|C170|3|290080||1,00000|UN|109,00||0|000|1202||109,00|17,00|18,53|0||0|||||||50|109,00|0,65|||0,71|50|109,00|3,00|||3,27||
|C170|4|290190||1,00000|UN|69,00||0|000|1202||69,00|17,00|11,73|0||0|||||||50|69,00|0,65|||0,45|50|69,00|3,00|||2,07||
|C170|5|120130||1,00000|UN|49,00||0|000|1202||49,00|17,00|8,33|0||0|||||||50|49,00|0,65|||0,32|50|49,00|3,00|||1,47||
|C170|6|090400||1,00000|UN|49,00||0|000|1202||49,00|17,00|8,33|0||0|||||||50|49,00|0,65|||0,32|50|49,00|3,00|||1,47||
|C170|7|840980||1,00000|UN|75,00||0|000|1202||75,00|17,00|12,75|0||0|||||||50|75,00|0,65|||0,49|50|75,00|3,00|||2,25||
|C170|8|901930||1,00000|UN|15,00||0|000|1202||15,00|17,00|2,55|0||0|||||||50|15,00|0,65|||0,10|50|15,00|3,00|||0,45||
|C170|9|901940||1,00000|UN|20,00||0|000|1202||20,00|17,00|3,40|0||0|||||||50|20,00|0,65|||0,13|50|20,00|3,00|||0,60||
|C170|10|330130||1,00000|UN|229,00||0|000|1202||229,00|17,00|38,93|0||0|||||||50|229,00|0,65|||1,49|50|229,00|3,00|||6,87||
|C170|11|950300||1,00000|UN|99,00||0|000|1202||99,00|17,00|16,83|0||0|||||||50|99,00|0,65|||0,64|50|99,00|3,00|||2,97||
|C170|12|290220||1,00000|UN|89,00||0|000|1202||89,00|17,00|15,13|0||0|||||||50|89,00|0,65|||0,58|50|89,00|3,00|||2,67||
|C190|000|1202|17,00|1051,00|1051,00|178,67|0|0|0|0||
|C100|0|0|800006977|01|00|U|0070104||26122011|26122011|372,00|0|||372,00|9||||372,00|63,24||||||||
|C170|1|680020||1,00000|UN|49,00||0|000|1202||49,00|17,00|8,33|0||0|||||||50|49,00|0,65|||0,32|50|49,00|3,00|||1,47||
|C170|2|840831||1,00000|UN|69,00||0|000|1202||69,00|17,00|11,73|0||0|||||||50|69,00|0,65|||0,45|50|69,00|3,00|||2,07||
|C170|3|890500||1,00000|UN|99,00||0|000|1202||99,00|17,00|16,83|0||0|||||||50|99,00|0,65|||0,64|50|99,00|3,00|||2,97||
|C170|4|840840||1,00000|UN|55,00||0|000|1202||55,00|17,00|9,35|0||0|||||||50|55,00|0,65|||0,36|50|55,00|3,00|||1,65||
|C170|5|890520||1,00000|UN|100,00||0|000|1202||100,00|17,00|17,00|0||0|||||||50|100,00|0,65|||0,65|50|100,00|3,00|||3,00||
|C190|000|1202|17,00|372,00|372,00|63,24|0|0|0|0||
|C100|0|0|800006977|01|00|U|0070105||26122011|26122011|376,00|0|||376,00|9||||376,00|63,92||||||||
|C170|1|040550||1,00000|UN|159,00||0|000|1202||159,00|17,00|27,03|0||0|||||||50|159,00|0,65|||1,03|50|159,00|3,00|||4,77||
|C170|2|090240||1,00000|UN|59,00||0|000|1202||59,00|17,00|10,03|0||0|||||||50|59,00|0,65|||0,38|50|59,00|3,00|||1,77||
|C170|3|330050||1,00000|UN|59,00||0|000|1202||59,00|17,00|10,03|0||0|||||||50|59,00|0,65|||0,38|50|59,00|3,00|||1,77||
|C170|4|120020||1,00000|UN|99,00||0|000|1202||99,00|17,00|16,83|0||0|||||||50|99,00|0,65|||0,64|50|99,00|3,00|||2,97||
|C190|000|1202|17,00|376,00|376,00|63,92|0|0|0|0||
|C100|0|0|800006977|01|00|U|0070106||26122011|26122011|148,00|0|||148,00|9||||148,00|25,16||||||||
|C170|1|090430||1,00000|UN|59,00||0|000|1202||59,00|17,00|10,03|0||0|||||||50|59,00|0,65|||0,38|50|59,00|3,00|||1,77||
|C170|2|290220||1,00000|UN|89,00||0|000|1202||89,00|17,00|15,13|0||0|||||||50|89,00|0,65|||0,58|50|89,00|3,00|||2,67||
|C190|000|1202|17,00|148,00|148,00|25,16|0|0|0|0||
|C100|0|0|800006977|01|00|U|0070107||27122011|27122011|65,00|0|||65,00|9||||65,00|11,05||||||||
|C170|1|840980||1,00000|UN|65,00||0|000|1202||65,00|17,00|11,05|0||0|||||||50|65,00|0,65|||0,42|50|65,00|3,00|||1,95||
|C190|000|1202|17,00|65,00|65,00|11,05|0|0|0|0||
|C100|0|0|800006977|01|00|U|0070112||27122011|27122011|519,00|0|||519,00|9||||519,00|88,23||||||||
|C170|1|200390||1,00000|UN|470,00||0|000|1202||470,00|17,00|79,90|0||0|||||||50|470,00|0,65|||3,06|50|470,00|3,00|||14,10||
|C170|2|901541||1,00000|UN|49,00||0|000|1202||49,00|17,00|8,33|0||0|||||||50|49,00|0,65|||0,32|50|49,00|3,00|||1,47||
|C190|000|1202|17,00|519,00|519,00|88,23|0|0|0|0||
|C100|0|0|800006977|01|00|U|0070113||27122011|27122011|1746,00|0|||1746,00|9||||1746,00|296,82||||||||
|C170|1|090240||1,00000|UN|69,00||0|000|1202||69,00|17,00|11,73|0||0|||||||50|69,00|0,65|||0,45|50|69,00|3,00|||2,07||
|C170|2|150040||1,00000|UN|59,00||0|000|1202||59,00|17,00|10,03|0||0|||||||50|59,00|0,65|||0,38|50|59,00|3,00|||1,77||
|C170|3|290250||1,00000|UN|129,00||0|000|1202||129,00|17,00|21,93|0||0|||||||50|129,00|0,65|||0,84|50|129,00|3,00|||3,87||
|C170|4|290280||1,00000|UN|119,00||0|000|1202||119,00|17,00|20,23|0||0|||||||50|119,00|0,65|||0,77|50|119,00|3,00|||3,57||
|C170|5|180273||1,00000|UN|319,00||0|000|1202||319,00|17,00|54,23|0||0|||||||50|319,00|0,65|||2,07|50|319,00|3,00|||9,57||
|C170|6|180280||1,00000|UN|99,00||0|000|1202||99,00|17,00|16,83|0||0|||||||50|99,00|0,65|||0,64|50|99,00|3,00|||2,97||
|C170|7|330050||1,00000|UN|59,00||0|000|1202||59,00|17,00|10,03|0||0|||||||50|59,00|0,65|||0,38|50|59,00|3,00|||1,77||
|C170|8|903290||1,00000|UN|49,00||0|000|1202||49,00|17,00|8,33|0||0|||||||50|49,00|0,65|||0,32|50|49,00|3,00|||1,47||
|C170|9|520190||1,00000|UN|139,00||0|000|1202||139,00|17,00|23,63|0||0|||||||50|139,00|0,65|||0,90|50|139,00|3,00|||4,17||
|C170|10|890550||1,00000|UN|200,00||0|000|1202||200,00|17,00|34,00|0||0|||||||50|200,00|0,65|||1,30|50|200,00|3,00|||6,00||
|C170|11|813550||1,00000|UN|39,00||0|000|1202||39,00|17,00|6,63|0||0|||||||50|39,00|0,65|||0,25|50|39,00|3,00|||1,17||
|C170|12|903370||1,00000|UN|99,00||0|000|1202||99,00|17,00|16,83|0||0|||||||50|99,00|0,65|||0,64|50|99,00|3,00|||2,97||
|C170|13|660341||1,00000|UN|130,00||0|000|1202||130,00|17,00|22,10|0||0|||||||50|130,00|0,65|||0,85|50|130,00|3,00|||3,90||
|C170|14|910785||1,00000|UN|79,00||0|000|1202||79,00|17,00|13,43|0||0|||||||50|79,00|0,65|||0,51|50|79,00|3,00|||2,37||
|C170|15|970210||1,00000|UN|39,00||0|000|1202||39,00|17,00|6,63|0||0|||||||50|39,00|0,65|||0,25|50|39,00|3,00|||1,17||
|C170|16|950310||1,00000|UN|119,00||0|000|1202||119,00|17,00|20,23|0||0|||||||50|119,00|0,65|||0,77|50|119,00|3,00|||3,57||
|C190|000|1202|17,00|1746,00|1746,00|296,82|0|0|0|0||
|C100|0|0|800006977|01|00|U|0070114||27122011|27122011|293,00|0|||293,00|9||||293,00|49,81||||||||
|C170|1|090420||1,00000|UN|139,00||0|000|1202||139,00|17,00|23,63|0||0|||||||50|139,00|0,65|||0,90|50|139,00|3,00|||4,17||
|C170|2|290190||1,00000|UN|69,00||0|000|1202||69,00|17,00|11,73|0||0|||||||50|69,00|0,65|||0,45|50|69,00|3,00|||2,07||
|C170|3|901130||1,00000|UN|85,00||0|000|1202||85,00|17,00|14,45|0||0|||||||50|85,00|0,65|||0,55|50|85,00|3,00|||2,55||
|C190|000|1202|17,00|293,00|293,00|49,81|0|0|0|0||
|C100|0|0|800006977|01|00|U|0070122||29122011|29122011|256,00|0|||256,00|9||||256,00|43,52||||||||
|C170|1|330010||1,00000|UN|119,00||0|000|1202||119,00|17,00|20,23|0||0|||||||50|119,00|0,65|||0,77|50|119,00|3,00|||3,57||
|C170|2|910150||1,00000|UN|38,00||0|000|1202||38,00|17,00|6,46|0||0|||||||50|38,00|0,65|||0,25|50|38,00|3,00|||1,14||
|C170|3|950300||1,00000|UN|99,00||0|000|1202||99,00|17,00|16,83|0||0|||||||50|99,00|0,65|||0,64|50|99,00|3,00|||2,97||
|C190|000|1202|17,00|256,00|256,00|43,52|0|0|0|0||
|C100|0|0|800006977|01|00|U|0070123||29122011|29122011|83,00|0|||83,00|9||||83,00|14,11||||||||
|C170|1|090370||1,00000|UN|83,00||0|000|1202||83,00|17,00|14,11|0||0|||||||50|83,00|0,65|||0,54|50|83,00|3,00|||2,49||
|C190|000|1202|17,00|83,00|83,00|14,11|0|0|0|0||
|C100|0|0|800006977|01|00|U|0070124||29122011|29122011|99,00|0|||99,00|9||||99,00|16,83||||||||
|C170|1|890500||1,00000|UN|99,00||0|000|1202||99,00|17,00|16,83|0||0|||||||50|99,00|0,65|||0,64|50|99,00|3,00|||2,97||
|C190|000|1202|17,00|99,00|99,00|16,83|0|0|0|0||
|C100|0|0|800006977|01|00|U|0070126||29122011|29122011|79,00|0|||79,00|9||||0|0||||||||
|C170|1|710280||1,00000|UN|79,00||0|041|1202|||||0||0|||||||50|79,00|0,65|||0,51|50|79,00|3,00|||2,37||
|C190|041|1202||79,00|0|0|0|0|0|0||
|C100|0|0|800006977|01|00|U|0070128||29122011|29122011|3042,00|0|||3042,00|9||||3042,00|517,14||||||||
|C170|1|030433||1,00000|UN|799,00||0|000|1202||799,00|17,00|135,83|0||0|||||||50|799,00|0,65|||5,19|50|799,00|3,00|||23,97||
|C170|2|100200||1,00000|UN|399,00||0|000|1202||399,00|17,00|67,83|0||0|||||||50|399,00|0,65|||2,59|50|399,00|3,00|||11,97||
|C170|3|680930||1,00000|UN|119,00||0|000|1202||119,00|17,00|20,23|0||0|||||||50|119,00|0,65|||0,77|50|119,00|3,00|||3,57||
|C170|4|680940||1,00000|UN|60,00||0|000|1202||60,00|17,00|10,20|0||0|||||||50|60,00|0,65|||0,39|50|60,00|3,00|||1,80||
|C170|5|120020||1,00000|UN|99,00||0|000|1202||99,00|17,00|16,83|0||0|||||||50|99,00|0,65|||0,64|50|99,00|3,00|||2,97||
|C170|6|180190||1,00000|UN|560,00||0|000|1202||560,00|17,00|95,20|0||0|||||||50|560,00|0,65|||3,64|50|560,00|3,00|||16,80||
|C170|7|902171||1,00000|UN|299,00||0|000|1202||299,00|17,00|50,83|0||0|||||||50|299,00|0,65|||1,94|50|299,00|3,00|||8,97||
|C170|8|890550||1,00000|UN|229,00||0|000|1202||229,00|17,00|38,93|0||0|||||||50|229,00|0,65|||1,49|50|229,00|3,00|||6,87||
|C170|9|902511||1,00000|UN|79,00||0|000|1202||79,00|17,00|13,43|0||0|||||||50|79,00|0,65|||0,51|50|79,00|3,00|||2,37||
|C170|10|902610||1,00000|UN|399,00||0|000|1202||399,00|17,00|67,83|0||0|||||||50|399,00|0,65|||2,59|50|399,00|3,00|||11,97||
|C190|000|1202|17,00|3042,00|3042,00|517,14|0|0|0|0||
|C100|0|0|800006977|01|00|U|0070130||29122011|29122011|180,00|0|||180,00|9||||180,00|30,60||||||||
|C170|1|950400||1,00000|UN|180,00||0|000|1202||180,00|17,00|30,60|0||0|||||||50|180,00|0,65|||1,17|50|180,00|3,00|||5,40||
|C190|000|1202|17,00|180,00|180,00|30,60|0|0|0|0||
|C100|0|0|800006977|01|00|U|0069921||01122011|01122011|1500,00|0|||1500,00|9||||1500,00|255,00||||||||
|C170|1|300160||1,00000|UN|1500,00||0|000|1202||1500,00|17,00|255,00|0||0|||||||50|1500,00|0,65|||9,75|50|1500,00|3,00|||45,00||
|C190|000|1202|17,00|1500,00|1500,00|255,00|0|0|0|0||
|C100|1|0|800007270|01|00|U|0069988||10122011|10122011|3262,00|0|||3262,00|9||||0|0||||||||
|C170|1|030093||1,00000|UN|2000,00||0|041|5949|||||0||0|||||||99||||||99|||||||
|C170|2|030383||1,00000|UN|1262,00||0|041|5949|||||0||0|||||||99||||||99|||||||
|C190|041|5949||3262,00|0|0|0|0|0|0||
|C100|1|0|800006974|01|00|U|0070025||15122011|15122011|11938,40|0|||11479,23|9||||11479,23|1951,47||||||||
|C170|1|100030||10,00000|UN|3659,90||0|000|5202||3659,90|17,00|622,18|0||0|||||||01|3659,90|0,65|||23,79|01|3659,90|3,00|||109,80||
|C170|2|100040||5,00000|UN|2548,05||0|000|5202||2548,05|17,00|433,17|0||0|||||||01|2548,05|0,65|||16,56|01|2548,05|3,00|||76,44||
|C170|3|100053||5,00000|UN|1565,45||0|000|5202||1565,45|17,00|266,13|0||0|||||||01|1565,45|0,65|||10,18|01|1565,45|3,00|||46,96||
|C170|4|100063||17,00000|UN|3705,83||0|000|5202||3705,83|17,00|629,99|0||0|||||||01|3705,83|0,65|||24,09|01|3705,83|3,00|||111,17||
|C190|000|5202|17,00|11938,40|11479,23|1951,47|0|0|0|0||
|C100|1|0|800006974|01|00|U|0070026||15122011|15122011|6281,86|0|||6040,26|9||||6040,26|1026,84||||||||
|C170|1|100030||10,00000|UN|3659,80||0|000|5202||3659,80|17,00|622,17|0||0|||||||01|3659,80|0,65|||23,79|01|3659,80|3,00|||109,79||
|C170|2|100040||2,00000|UN|815,36||0|000|5202||815,36|17,00|138,61|0||0|||||||01|815,36|0,65|||5,30|01|815,36|3,00|||24,46||
|C170|3|100053||5,00000|UN|1565,10||0|000|5202||1565,10|17,00|266,07|0||0|||||||01|1565,10|0,65|||10,17|01|1565,10|3,00|||46,95||
|C190|000|5202|17,00|6281,86|6040,26|1026,84|0|0|0|0||
|C100|1|0|800006974|01|00|U|0070028||15122011|15122011|2278,86|0|||2191,21|9||||2191,21|372,51||||||||
|C170|1|100053||7,00000|UN|2191,21||0|000|5202||2191,21|17,00|372,51|0||0|||||||01|2191,21|0,65|||14,24|01|2191,21|3,00|||65,74||
|C190|000|5202|17,00|2278,86|2191,21|372,51|0|0|0|0||
|C100|1|0|800006974|01|00|U|0070030||15122011|15122011|5457,32|0|||5247,42|9||||5247,42|892,06||||||||
|C170|1|100030||3,00000|UN|1097,94||0|000|5202||1097,94|17,00|186,65|0||0|||||||01|1097,94|0,65|||7,14|01|1097,94|3,00|||32,94||
|C170|2|100040||2,00000|UN|1019,18||0|000|5202||1019,18|17,00|173,26|0||0|||||||01|1019,18|0,65|||6,62|01|1019,18|3,00|||30,58||
|C170|3|100053||10,00000|UN|3130,30||0|000|5202||3130,30|17,00|532,15|0||0|||||||01|3130,30|0,65|||20,35|01|3130,30|3,00|||93,91||
|C190|000|5202|17,00|5457,32|5247,42|892,06|0|0|0|0||
|C100|1|0|800007271|01|00|U|0070110||27122011|27122011|475,00|0|||475,00|9||||0|0||||||||
|C170|1|040520||1,00000|UN|475,00||0|041|5949|||||0||0|||||||99||||||99|||||||
|C190|041|5949||475,00|0|0|0|0|0|0||
|C100|1|0|800007204|01|00|U|0070019||14122011|14122011|290,00|0|||290,00|9||||0|0||||||||
|C170|1|100063||1,00000|UN|290,00||0|041|5949|||||0||0|||||||99||||||99|||||||
|C190|041|5949||290,00|0|0|0|0|0|0||
|C100|1|0|800006019|01|00|U|0070018||14122011|14122011|349,00|0|||349,00|9||||0|0||||||||
|C170|1|290210||1,00000|UN|349,00||0|041|5949|||||0||0|||||||99||||||99|||||||
|C190|041|5949||349,00|0|0|0|0|0|0||
|C100|1|0|6251|01|00|U|0069924||01122011|01122011|399,00|0|||399,00|9||||0|0||||||||
|C170|1|100200||1,00000|UN|399,00||0|041|5949|||||0||0|||||||99||||||99|||||||
|C190|041|5949||399,00|0|0|0|0|0|0||
|C100|1|0|800008044|01|00|U|0069974||09122011|09122011|599,00|0|||599,00|9||||0|0||||||||
|C170|1|050840||1,00000|UN|599,00||0|041|5949|||||0||0|||||||99||||||99|||||||
|C190|041|5949||599,00|0|0|0|0|0|0||
|C100|1|0|100003254|01|00|U|0070021||14122011|14122011|4170,00|0|||4170,00|9||||0|0||||||||
|C170|1|180770||4,00000|UN|2068,00||0|041|5949|||||0||0|||||||99||||||99|||||||
|C170|2|180870||2,00000|UN|324,00||0|041|5949|||||0||0|||||||99||||||99|||||||
|C170|3|200370||4,00000|UN|592,00||0|041|5949|||||0||0|||||||99||||||99|||||||
|C170|4|220183||2,00000|UN|1025,00||0|041|5949|||||0||0|||||||99||||||99|||||||
|C170|5|180870||1,00000|UN|161,00||0|041|5949|||||0||0|||||||99||||||99|||||||
|C190|041|5949||4170,00|0|0|0|0|0|0||
|C100|1|0|100003631|01|00|U|0070111||27122011|27122011|180,00|0|||180,00|9||||0|0||||||||
|C170|1|950400||1,00000|UN|180,00||0|041|5949|||||0||0|||||||99||||||99|||||||
|C190|041|5949||180,00|0|0|0|0|0|0||
|C100|1|0|100003631|01|00|U|0070120||28122011|28122011|900,00|0|||900,00|9||||0|0||||||||
|C170|1|051080||1,00000|UN|900,00||0|041|5949|||||0||0|||||||99||||||99|||||||
|C190|041|5949||900,00|0|0|0|0|0|0||
|C100|1|0|800007179|01|00|U|0070041||17122011|17122011|870,00|0|||870,00|9||||0|0||||||||
|C170|1|100063||3,00000|UN|870,00||0|041|5949|||||0||0|||||||99||||||99|||||||
|C190|041|5949||870,00|0|0|0|0|0|0||
|C100|1|0|800007238|01|00|U|0069975||09122011|09122011|1138,00|0|||1138,00|9||||0|0||||||||
|C170|1|051060||2,00000|UN|1138,00||0|041|5949|||||0||0|||||||99||||||99|||||||
|C190|041|5949||1138,00|0|0|0|0|0|0||
|C100|1|0|800008026|01|00|U|0070108||27122011|27122011|1427,50|0|||1427,50|9||||1427,50|242,68||||||||
|C170|1|100160||5,00000|UN|1427,50||0|000|5152||1427,50|17,00|242,68|0||0|||||||01|1427,50|0,65|||9,28|01|1427,50|3,00|||42,83||
|C190|000|5152|17,00|1427,50|1427,50|242,68|0|0|0|0||
|C100|1|0|800008026|01|00|U|0070115||27122011|27122011|112,34|0|||112,34|9||||112,34|19,10||||||||
|C170|1|902511||1,00000|UN|43,07||0|000|5152||43,07|17,00|7,32|0||0|||||||01|43,07|0,65|||0,28|01|43,07|3,00|||1,29||
|C170|2|950310||1,00000|UN|69,27||0|000|5152||69,27|17,00|11,78|0||0|||||||01|69,27|0,65|||0,45|01|69,27|3,00|||2,08||
|C190|000|5152|17,00|112,34|112,34|19,10|0|0|0|0||
|C100|1|0|800008026|01|00|U|0070116||27122011|27122011|286,17|0|||286,17|9||||286,17|48,65||||||||
|C170|1|900031||1,00000|UN|45,47||0|000|5152||45,47|17,00|7,73|0||0|||||||01|45,47|0,65|||0,30|01|45,47|3,00|||1,36||
|C170|2|900043||1,00000|UN|22,04||0|000|5152||22,04|17,00|3,75|0||0|||||||01|22,04|0,65|||0,14|01|22,04|3,00|||0,66||
|C170|3|900055||3,00000|UN|97,62||0|000|5152||97,62|17,00|16,60|0||0|||||||01|97,62|0,65|||0,63|01|97,62|3,00|||2,93||
|C170|4|902270||2,00000|UN|121,04||0|000|5152||121,04|17,00|20,58|0||0|||||||01|121,04|0,65|||0,79|01|121,04|3,00|||3,63||
|C190|000|5152|17,00|286,17|286,17|48,65|0|0|0|0||
|C100|1|0|800008026|01|00|U|0070117||28122011|28122011|198,52|0|||198,52|9||||198,52|33,75||||||||
|C170|1|040430||1,00000|UN|198,52||0|000|5152||198,52|17,00|33,75|0||0|||||||01|198,52|0,65|||1,29|01|198,52|3,00|||5,96||
|C190|000|5152|17,00|198,52|198,52|33,75|0|0|0|0||
|C100|1|0|800008026|01|00|U|0070121||29122011|29122011|13745,08|0|||13745,08|9||||13745,08|2336,66||||||||
|C170|1|030103||1,00000|UN|1652,31||0|000|5152||1652,31|17,00|280,89|0||0|||||||01|1652,31|0,65|||10,74|01|1652,31|3,00|||49,57||
|C170|2|040133||1,00000|UN|482,30||0|000|5152||482,30|17,00|81,99|0||0|||||||01|482,30|0,65|||3,14|01|482,30|3,00|||14,47||
|C170|3|330050||24,00000|UN|655,20||0|000|5152||655,20|17,00|111,38|0||0|||||||01|655,20|0,65|||4,26|01|655,20|3,00|||19,66||
|C170|4|040340||2,00000|UN|1896,10||0|000|5152||1896,10|17,00|322,34|0||0|||||||01|1896,10|0,65|||12,32|01|1896,10|3,00|||56,88||
|C170|5|040240||1,00000|UN|1447,83||0|000|5152||1447,83|17,00|246,13|0||0|||||||01|1447,83|0,65|||9,41|01|1447,83|3,00|||43,43||
|C170|6|040250||5,00000|UN|2726,75||0|000|5152||2726,75|17,00|463,55|0||0|||||||01|2726,75|0,65|||17,72|01|2726,75|3,00|||81,80||
|C170|7|330140||8,00000|UN|345,84||0|000|5152||345,84|17,00|58,79|0||0|||||||01|345,84|0,65|||2,25|01|345,84|3,00|||10,38||
|C170|8|950310||8,00000|UN|551,04||0|000|5152||551,04|17,00|93,68|0||0|||||||01|551,04|0,65|||3,58|01|551,04|3,00|||16,53||
|C170|9|950450||2,00000|UN|912,10||0|000|5152||912,10|17,00|155,06|0||0|||||||01|912,10|0,65|||5,93|01|912,10|3,00|||27,36||
|C170|10|950400||2,00000|UN|440,24||0|000|5152||440,24|17,00|74,84|0||0|||||||01|440,24|0,65|||2,86|01|440,24|3,00|||13,21||
|C170|11|950390||2,00000|UN|743,20||0|000|5152||743,20|17,00|126,34|0||0|||||||01|743,20|0,65|||4,83|01|743,20|3,00|||22,30||
|C170|12|950460||1,00000|UN|543,53||0|000|5152||543,53|17,00|92,40|0||0|||||||01|543,53|0,65|||3,53|01|543,53|3,00|||16,31||
|C170|13|950440||1,00000|UN|610,10||0|000|5152||610,10|17,00|103,72|0||0|||||||01|610,10|0,65|||3,97|01|610,10|3,00|||18,30||
|C170|14|950360||3,00000|UN|738,54||0|000|5152||738,54|17,00|125,55|0||0|||||||01|738,54|0,65|||4,80|01|738,54|3,00|||22,16||
|C190|000|5152|17,00|13745,08|13745,08|2336,66|0|0|0|0||
|C100|1|0|800008026|01|00|U|0070125||29122011|29122011|1652,31|0|||1652,31|9||||1652,31|280,89||||||||
|C170|1|030103||1,00000|UN|1652,31||0|000|5152||1652,31|17,00|280,89|0||0|||||||01|1652,31|0,65|||10,74|01|1652,31|3,00|||49,57||
|C190|000|5152|17,00|1652,31|1652,31|280,89|0|0|0|0||
|C100|1|0|800008026|01|00|U|0070129||29122011|29122011|1565,77|0|||1565,77|9||||1565,77|266,18||||||||
|C170|1|030030||1,00000|UN|1565,77||0|000|5152||1565,77|17,00|266,18|0||0|||||||01|1565,77|0,65|||10,18|01|1565,77|3,00|||46,97||
|C190|000|5152|17,00|1565,77|1565,77|266,18|0|0|0|0||
|C100|1|0|800008026|01|00|U|0070131||30122011|30122011|5763,46|0|||5763,46|9||||5763,46|979,79||||||||
|C170|1|030523||2,00000|UN|348,80||0|000|5152||348,80|17,00|59,30|0||0|||||||01|348,80|0,65|||2,27|01|348,80|3,00|||10,46||
|C170|2|030583||2,00000|UN|1550,76||0|000|5152||1550,76|17,00|263,63|0||0|||||||01|1550,76|0,65|||10,08|01|1550,76|3,00|||46,52||
|C170|3|200210||1,00000|UN|270,54||0|000|5152||270,54|17,00|45,99|0||0|||||||01|270,54|0,65|||1,76|01|270,54|3,00|||8,12||
|C170|4|180203||10,00000|UN|2393,10||0|000|5152||2393,10|17,00|406,83|0||0|||||||01|2393,10|0,65|||15,56|01|2393,10|3,00|||71,79||
|C170|5|031273||1,00000|UN|1200,26||0|000|5152||1200,26|17,00|204,04|0||0|||||||01|1200,26|0,65|||7,80|01|1200,26|3,00|||36,01||
|C190|000|5152|17,00|5763,46|5763,46|979,79|0|0|0|0||
|C100|1|0|800008026|01|00|U|0070132||30122011|30122011|2450,66|0|||2450,66|9||||2450,66|416,61||||||||
|C170|1|180700||1,00000|UN|2450,66||0|000|5152||2450,66|17,00|416,61|0||0|||||||01|2450,66|0,65|||15,93|01|2450,66|3,00|||73,52||
|C190|000|5152|17,00|2450,66|2450,66|416,61|0|0|0|0||
|C100|1|0|800008026|01|00|U|0070031||15122011|15122011|671,44|0|||671,44|9||||671,44|114,14||||||||
|C170|1|030363||1,00000|UN|671,44||0|000|5152||671,44|17,00|114,14|0||0|||||||01|671,44|0,65|||4,36|01|671,44|3,00|||20,14||
|C190|000|5152|17,00|671,44|671,44|114,14|0|0|0|0||
|C100|1|0|800008026|01|00|U|0070033||16122011|16122011|939,14|0|||939,14|9||||939,14|159,65||||||||
|C170|1|030960||2,00000|UN|939,14||0|000|5152||939,14|17,00|159,65|0||0|||||||01|939,14|0,65|||6,10|01|939,14|3,00|||28,17||
|C190|000|5152|17,00|939,14|939,14|159,65|0|0|0|0||
|C100|1|0|800008026|01|00|U|0070037||16122011|16122011|4755,77|0|||4755,77|9||||4755,77|808,48||||||||
|C170|1|290060||5,00000|UN|711,70||0|000|5152||711,70|17,00|120,99|0||0|||||||01|711,70|0,65|||4,63|01|711,70|3,00|||21,35||
|C170|2|290080||3,00000|UN|177,36||0|000|5152||177,36|17,00|30,15|0||0|||||||01|177,36|0,65|||1,15|01|177,36|3,00|||5,32||
|C170|3|290083||4,00000|UN|236,48||0|000|5152||236,48|17,00|40,20|0||0|||||||01|236,48|0,65|||1,54|01|236,48|3,00|||7,09||
|C170|4|290190||6,00000|UN|183,18||0|000|5152||183,18|17,00|31,14|0||0|||||||01|183,18|0,65|||1,19|01|183,18|3,00|||5,50||
|C170|5|290200||12,00000|UN|706,68||0|000|5152||706,68|17,00|120,14|0||0|||||||01|706,68|0,65|||4,59|01|706,68|3,00|||21,20||
|C170|6|290210||4,00000|UN|749,92||0|000|5152||749,92|17,00|127,49|0||0|||||||01|749,92|0,65|||4,87|01|749,92|3,00|||22,50||
|C170|7|290220||12,00000|UN|584,28||0|000|5152||584,28|17,00|99,33|0||0|||||||01|584,28|0,65|||3,80|01|584,28|3,00|||17,53||
|C170|8|290260||6,00000|UN|159,48||0|000|5152||159,48|17,00|27,11|0||0|||||||01|159,48|0,65|||1,04|01|159,48|3,00|||4,78||
|C170|9|290300||8,00000|UN|618,72||0|000|5152||618,72|17,00|105,18|0||0|||||||01|618,72|0,65|||4,02|01|618,72|3,00|||18,56||
|C170|10|290310||5,00000|UN|445,75||0|000|5152||445,75|17,00|75,78|0||0|||||||01|445,75|0,65|||2,90|01|445,75|3,00|||13,37||
|C170|11|290340||6,00000|UN|182,22||0|000|5152||182,22|17,00|30,98|0||0|||||||01|182,22|0,65|||1,18|01|182,22|3,00|||5,47||
|C190|000|5152|17,00|4755,77|4755,77|808,48|0|0|0|0||
|C100|1|0|800008026|01|00|U|0070039||16122011|16122011|7884,60|0|||7884,60|9||||6548,76|1113,29||||||||
|C170|1|030770||1,00000|UN|769,30||0|000|5152||769,30|17,00|130,78|0||0|||||||01|769,30|0,65|||5,00|01|769,30|3,00|||23,08||
|C170|2|090310||10,00000|UN|995,30||0|000|5152||995,30|17,00|169,20|0||0|||||||01|995,30|0,65|||6,47|01|995,30|3,00|||29,86||
|C170|3|090360||6,00000|UN|149,52||0|000|5152||149,52|17,00|25,42|0||0|||||||01|149,52|0,65|||0,97|01|149,52|3,00|||4,49||
|C170|4|090370||12,00000|UN|1280,76||0|000|5152||1280,76|17,00|217,73|0||0|||||||01|1280,76|0,65|||8,32|01|1280,76|3,00|||38,42||
|C170|5|090380||8,00000|UN|223,12||0|000|5152||223,12|17,00|37,93|0||0|||||||01|223,12|0,65|||1,45|01|223,12|3,00|||6,69||
|C170|6|090390||4,00000|UN|221,84||0|000|5152||221,84|17,00|37,71|0||0|||||||01|221,84|0,65|||1,44|01|221,84|3,00|||6,66||
|C170|7|180870||6,00000|UN|1335,84||0|041|5152|||||0||0|||||||01|1335,84|0,65|||8,68|01|1335,84|3,00|||40,08||
|C170|8|180290||6,00000|UN|383,10||0|000|5152||383,10|17,00|65,13|0||0|||||||01|383,10|0,65|||2,49|01|383,10|3,00|||11,49||
|C170|9|180590||6,00000|UN|898,32||0|000|5152||898,32|17,00|152,71|0||0|||||||01|898,32|0,65|||5,84|01|898,32|3,00|||26,95||
|C170|10|090400||6,00000|UN|141,36||0|000|5152||141,36|17,00|24,03|0||0|||||||01|141,36|0,65|||0,92|01|141,36|3,00|||4,24||
|C170|11|090410||5,00000|UN|900,00||0|000|5152||900,00|17,00|153,00|0||0|||||||01|900,00|0,65|||5,85|01|900,00|3,00|||27,00||
|C170|12|090420||6,00000|UN|450,00||0|000|5152||450,00|17,00|76,50|0||0|||||||01|450,00|0,65|||2,93|01|450,00|3,00|||13,50||
|C170|13|090430||6,00000|UN|136,14||0|000|5152||136,14|17,00|23,14|0||0|||||||01|136,14|0,65|||0,88|01|136,14|3,00|||4,08||
|C190|000|5152|17,00|6548,76|6548,76|1113,29|0|0|0|0||
|C190|041|5152||1335,84|0|0|0|0|0|0||
|C100|1|0|800008026|01|00|U|0070040||17122011|17122011|3992,61|0|||3992,61|9||||3992,61|678,74||||||||
|C170|1|100200||10,00000|UN|2483,20||0|000|5152||2483,20|17,00|422,14|0||0|||||||01|2483,20|0,65|||16,14|01|2483,20|3,00|||74,50||
|C170|2|180270||10,00000|UN|1487,20||0|000|5152||1487,20|17,00|252,82|0||0|||||||01|1487,20|0,65|||9,67|01|1487,20|3,00|||44,62||
|C170|3|880360||1,00000|UN|22,21||0|000|5152||22,21|17,00|3,78|0||0|||||||01|22,21|0,65|||0,14|01|22,21|3,00|||0,67||
|C190|000|5152|17,00|3992,61|3992,61|678,74|0|0|0|0||
|C100|1|0|800008026|01|00|U|0070042||17122011|17122011|2852,06|0|||2852,06|9||||2852,06|484,85||||||||
|C170|1|890370||3,00000|UN|681,66||0|000|5152||681,66|17,00|115,88|0||0|||||||01|681,66|0,65|||4,43|01|681,66|3,00|||20,45||
|C170|2|890422||3,00000|UN|119,01||0|000|5152||119,01|17,00|20,23|0||0|||||||01|119,01|0,65|||0,77|01|119,01|3,00|||3,57||
|C170|3|890520||3,00000|UN|173,79||0|000|5152||173,79|17,00|29,54|0||0|||||||01|173,79|0,65|||1,13|01|173,79|3,00|||5,21||
|C170|4|890530||4,00000|UN|531,44||0|000|5152||531,44|17,00|90,34|0||0|||||||01|531,44|0,65|||3,45|01|531,44|3,00|||15,94||
|C170|5|890610||4,00000|UN|852,40||0|000|5152||852,40|17,00|144,91|0||0|||||||01|852,40|0,65|||5,54|01|852,40|3,00|||25,57||
|C170|6|890450||2,00000|UN|115,20||0|000|5152||115,20|17,00|19,58|0||0|||||||01|115,20|0,65|||0,75|01|115,20|3,00|||3,46||
|C170|7|890630||4,00000|UN|378,56||0|000|5152||378,56|17,00|64,36|0||0|||||||01|378,56|0,65|||2,46|01|378,56|3,00|||11,36||
|C190|000|5152|17,00|2852,06|2852,06|484,85|0|0|0|0||
|C100|1|0|800008026|01|00|U|0070045||17122011|17122011|148,72|0|||148,72|9||||148,72|25,28||||||||
|C170|1|180270||1,00000|UN|148,72||0|000|5152||148,72|17,00|25,28|0||0|||||||01|148,72|0,65|||0,97|01|148,72|3,00|||4,46||
|C190|000|5152|17,00|148,72|148,72|25,28|0|0|0|0||
|C100|1|0|800008026|01|00|U|0070050||19122011|19122011|118,18|0|||118,18|9||||118,18|20,09||||||||
|C170|1|290053||1,00000|UN|118,18||0|000|5152||118,18|17,00|20,09|0||0|||||||01|118,18|0,65|||0,77|01|118,18|3,00|||3,55||
|C190|000|5152|17,00|118,18|118,18|20,09|0|0|0|0||
|C100|1|0|800008026|01|00|U|0070052||20122011|20122011|6394,50|0|||6394,50|9||||6394,50|1087,07||||||||
|C170|1|030770||2,00000|UN|1538,60||0|000|5152||1538,60|17,00|261,56|0||0|||||||01|1538,60|0,65|||10,00|01|1538,60|3,00|||46,16||
|C170|2|040360||10,00000|UN|2791,50||0|000|5152||2791,50|17,00|474,56|0||0|||||||01|2791,50|0,65|||18,14|01|2791,50|3,00|||83,75||
|C170|3|040430||3,00000|UN|595,56||0|000|5152||595,56|17,00|101,25|0||0|||||||01|595,56|0,65|||3,87|01|595,56|3,00|||17,87||
|C170|4|040440||3,00000|UN|774,84||0|000|5152||774,84|17,00|131,72|0||0|||||||01|774,84|0,65|||5,04|01|774,84|3,00|||23,25||
|C170|5|150040||20,00000|UN|694,00||0|000|5152||694,00|17,00|117,98|0||0|||||||01|694,00|0,65|||4,51|01|694,00|3,00|||20,82||
|C190|000|5152|17,00|6394,50|6394,50|1087,07|0|0|0|0||
|C100|1|0|800008026|01|00|U|0070053||20122011|20122011|1597,30|0|||1597,30|9||||1597,30|271,54||||||||
|C170|1|031240||10,00000|UN|1597,30||0|000|5152||1597,30|17,00|271,54|0||0|||||||01|1597,30|0,65|||10,38|01|1597,30|3,00|||47,92||
|C190|000|5152|17,00|1597,30|1597,30|271,54|0|0|0|0||
|C100|1|0|800008026|01|00|U|0070055||20122011|20122011|1398,18|0|||1398,18|9||||1398,18|237,69||||||||
|C170|1|900082||2,00000|UN|78,32||0|000|5152||78,32|17,00|13,31|0||0|||||||01|78,32|0,65|||0,51|01|78,32|3,00|||2,35||
|C170|2|900320||2,00000|UN|748,06||0|000|5152||748,06|17,00|127,17|0||0|||||||01|748,06|0,65|||4,86|01|748,06|3,00|||22,44||
|C170|3|900901||3,00000|UN|12,69||0|000|5152||12,69|17,00|2,16|0||0|||||||01|12,69|0,65|||0,08|01|12,69|3,00|||0,38||
|C170|4|900915||2,00000|UN|33,04||0|000|5152||33,04|17,00|5,62|0||0|||||||01|33,04|0,65|||0,21|01|33,04|3,00|||0,99||
|C170|5|900916||2,00000|UN|37,54||0|000|5152||37,54|17,00|6,38|0||0|||||||01|37,54|0,65|||0,24|01|37,54|3,00|||1,13||
|C170|6|900450||2,00000|UN|45,42||0|000|5152||45,42|17,00|7,72|0||0|||||||01|45,42|0,65|||0,30|01|45,42|3,00|||1,36||
|C170|7|902650||1,00000|UN|56,41||0|000|5152||56,41|17,00|9,59|0||0|||||||01|56,41|0,65|||0,37|01|56,41|3,00|||1,69||
|C170|8|902670||2,00000|UN|26,52||0|000|5152||26,52|17,00|4,51|0||0|||||||01|26,52|0,65|||0,17|01|26,52|3,00|||0,80||
|C170|9|901080||2,00000|UN|39,90||0|000|5152||39,90|17,00|6,78|0||0|||||||01|39,90|0,65|||0,26|01|39,90|3,00|||1,20||
|C170|10|900980||2,00000|UN|33,28||0|000|5152||33,28|17,00|5,66|0||0|||||||01|33,28|0,65|||0,22|01|33,28|3,00|||1,00||
|C170|11|901860||2,00000|UN|87,22||0|000|5152||87,22|17,00|14,83|0||0|||||||01|87,22|0,65|||0,57|01|87,22|3,00|||2,62||
|C170|12|902050||4,00000|UN|18,80||0|000|5152||18,80|17,00|3,20|0||0|||||||01|18,80|0,65|||0,12|01|18,80|3,00|||0,56||
|C170|13|901400||2,00000|UN|15,20||0|000|5152||15,20|17,00|2,58|0||0|||||||01|15,20|0,65|||0,10|01|15,20|3,00|||0,46||
|C170|14|901412||2,00000|UN|116,94||0|000|5152||116,94|17,00|19,88|0||0|||||||01|116,94|0,65|||0,76|01|116,94|3,00|||3,51||
|C170|15|902710||3,00000|UN|48,84||0|000|5152||48,84|17,00|8,30|0||0|||||||01|48,84|0,65|||0,32|01|48,84|3,00|||1,47||
|C190|000|5152|17,00|1398,18|1398,18|237,69|0|0|0|0||
|C100|1|0|800008026|01|00|U|0070056||20122011|20122011|1384,59|0|||1384,59|9||||1384,59|235,38||||||||
|C170|1|900037||2,00000|UN|110,30||0|000|5152||110,30|17,00|18,75|0||0|||||||01|110,30|0,65|||0,72|01|110,30|3,00|||3,31||
|C170|2|900071||2,00000|UN|156,64||0|000|5152||156,64|17,00|26,63|0||0|||||||01|156,64|0,65|||1,02|01|156,64|3,00|||4,70||
|C170|3|900083||6,00000|UN|57,90||0|000|5152||57,90|17,00|9,84|0||0|||||||01|57,90|0,65|||0,38|01|57,90|3,00|||1,74||
|C170|4|900954||1,00000|UN|8,79||0|000|5152||8,79|17,00|1,49|0||0|||||||01|8,79|0,65|||0,06|01|8,79|3,00|||0,26||
|C170|5|901413||2,00000|UN|253,72||0|000|5152||253,72|17,00|43,13|0||0|||||||01|253,72|0,65|||1,65|01|253,72|3,00|||7,61||
|C170|6|901414||2,00000|UN|226,96||0|000|5152||226,96|17,00|38,58|0||0|||||||01|226,96|0,65|||1,48|01|226,96|3,00|||6,81||
|C170|7|902800||6,00000|UN|46,08||0|000|5152||46,08|17,00|7,83|0||0|||||||01|46,08|0,65|||0,30|01|46,08|3,00|||1,38||
|C170|8|902811||4,00000|UN|28,68||0|000|5152||28,68|17,00|4,88|0||0|||||||01|28,68|0,65|||0,19|01|28,68|3,00|||0,86||
|C170|9|902530||2,00000|UN|22,84||0|000|5152||22,84|17,00|3,88|0||0|||||||01|22,84|0,65|||0,15|01|22,84|3,00|||0,69||
|C170|10|902284||2,00000|UN|65,50||0|000|5152||65,50|17,00|11,13|0||0|||||||01|65,50|0,65|||0,43|01|65,50|3,00|||1,97||
|C170|11|902285||2,00000|UN|24,60||0|000|5152||24,60|17,00|4,18|0||0|||||||01|24,60|0,65|||0,16|01|24,60|3,00|||0,74||
|C170|12|902921||2,00000|UN|168,96||0|000|5152||168,96|17,00|28,72|0||0|||||||01|168,96|0,65|||1,10|01|168,96|3,00|||5,07||
|C170|13|903161||2,00000|UN|122,26||0|000|5152||122,26|17,00|20,78|0||0|||||||01|122,26|0,65|||0,79|01|122,26|3,00|||3,67||
|C170|14|903160||2,00000|UN|59,92||0|000|5152||59,92|17,00|10,19|0||0|||||||01|59,92|0,65|||0,39|01|59,92|3,00|||1,80||
|C170|15|903180||12,00000|UN|31,44||0|000|5152||31,44|17,00|5,34|0||0|||||||01|31,44|0,65|||0,20|01|31,44|3,00|||0,94||
|C190|000|5152|17,00|1384,59|1384,59|235,38|0|0|0|0||
|C100|1|0|800008026|01|00|U|0070057||20122011|20122011|917,34|0|||917,34|9||||917,34|155,95||||||||
|C170|1|900331||5,00000|UN|127,85||0|000|5152||127,85|17,00|21,73|0||0|||||||01|127,85|0,65|||0,83|01|127,85|3,00|||3,84||
|C170|2|900692||1,00000|UN|57,08||0|000|5152||57,08|17,00|9,70|0||0|||||||01|57,08|0,65|||0,37|01|57,08|3,00|||1,71||
|C170|3|900917||2,00000|UN|52,74||0|000|5152||52,74|17,00|8,97|0||0|||||||01|52,74|0,65|||0,34|01|52,74|3,00|||1,58||
|C170|4|900750||2,00000|UN|266,94||0|000|5152||266,94|17,00|45,38|0||0|||||||01|266,94|0,65|||1,74|01|266,94|3,00|||8,01||
|C170|5|902901||2,00000|UN|43,96||0|000|5152||43,96|17,00|7,47|0||0|||||||01|43,96|0,65|||0,29|01|43,96|3,00|||1,32||
|C170|6|902902||2,00000|UN|37,54||0|000|5152||37,54|17,00|6,38|0||0|||||||01|37,54|0,65|||0,24|01|37,54|3,00|||1,13||
|C170|7|903552||2,00000|UN|30,16||0|000|5152||30,16|17,00|5,13|0||0|||||||01|30,16|0,65|||0,20|01|30,16|3,00|||0,90||
|C170|8|903560||2,00000|UN|53,40||0|000|5152||53,40|17,00|9,08|0||0|||||||01|53,40|0,65|||0,35|01|53,40|3,00|||1,60||
|C170|9|903162||1,00000|UN|44,53||0|000|5152||44,53|17,00|7,57|0||0|||||||01|44,53|0,65|||0,29|01|44,53|3,00|||1,34||
|C170|10|903163||1,00000|UN|81,40||0|000|5152||81,40|17,00|13,84|0||0|||||||01|81,40|0,65|||0,53|01|81,40|3,00|||2,44||
|C170|11|903160||3,00000|UN|89,88||0|000|5152||89,88|17,00|15,28|0||0|||||||01|89,88|0,65|||0,58|01|89,88|3,00|||2,70||
|C170|12|902903||3,00000|UN|31,86||0|000|5152||31,86|17,00|5,42|0||0|||||||01|31,86|0,65|||0,21|01|31,86|3,00|||0,96||
|C190|000|5152|17,00|917,34|917,34|155,95|0|0|0|0||
|C100|1|0|800008026|01|00|U|0070058||20122011|20122011|586,26|0|||586,26|9||||586,26|99,66||||||||
|C170|1|900054||4,00000|UN|116,80||0|000|5152||116,80|17,00|19,86|0||0|||||||01|116,80|0,65|||0,76|01|116,80|3,00|||3,50||
|C170|2|900056||4,00000|UN|100,00||0|000|5152||100,00|17,00|17,00|0||0|||||||01|100,00|0,65|||0,65|01|100,00|3,00|||3,00||
|C170|3|900203||72,00000|UN|77,04||0|000|5152||77,04|17,00|13,10|0||0|||||||01|77,04|0,65|||0,50|01|77,04|3,00|||2,31||
|C170|4|900202||6,00000|UN|79,08||0|000|5152||79,08|17,00|13,44|0||0|||||||01|79,08|0,65|||0,51|01|79,08|3,00|||2,37||
|C170|5|900142||1,00000|UN|27,27||0|000|5152||27,27|17,00|4,64|0||0|||||||01|27,27|0,65|||0,18|01|27,27|3,00|||0,82||
|C170|6|900143||1,00000|UN|90,70||0|000|5152||90,70|17,00|15,42|0||0|||||||01|90,70|0,65|||0,59|01|90,70|3,00|||2,72||
|C170|7|902904||5,00000|UN|17,95||0|000|5152||17,95|17,00|3,05|0||0|||||||01|17,95|0,65|||0,12|01|17,95|3,00|||0,54||
|C170|8|903564||1,00000|UN|10,01||0|000|5152||10,01|17,00|1,70|0||0|||||||01|10,01|0,65|||0,07|01|10,01|3,00|||0,30||
|C170|9|900204||18,00000|UN|46,08||0|000|5152||46,08|17,00|7,83|0||0|||||||01|46,08|0,65|||0,30|01|46,08|3,00|||1,38||
|C170|10|901313||3,00000|UN|21,33||0|000|5152||21,33|17,00|3,63|0||0|||||||01|21,33|0,65|||0,14|01|21,33|3,00|||0,64||
|C190|000|5152|17,00|586,26|586,26|99,66|0|0|0|0||
|C100|1|0|800008026|01|00|U|0070059||20122011|20122011|944,35|0|||944,35|9||||944,35|160,54||||||||
|C170|1|900057||3,00000|UN|68,25||0|000|5152||68,25|17,00|11,60|0||0|||||||01|68,25|0,65|||0,44|01|68,25|3,00|||2,05||
|C170|2|900058||3,00000|UN|68,25||0|000|5152||68,25|17,00|11,60|0||0|||||||01|68,25|0,65|||0,44|01|68,25|3,00|||2,05||
|C170|3|900800||1,00000|UN|45,47||0|000|5152||45,47|17,00|7,73|0||0|||||||01|45,47|0,65|||0,30|01|45,47|3,00|||1,36||
|C170|4|900144||1,00000|UN|44,09||0|000|5152||44,09|17,00|7,50|0||0|||||||01|44,09|0,65|||0,29|01|44,09|3,00|||1,32||
|C170|5|900591||1,00000|UN|38,98||0|000|5152||38,98|17,00|6,63|0||0|||||||01|38,98|0,65|||0,25|01|38,98|3,00|||1,17||
|C170|6|900141||1,00000|UN|59,40||0|000|5152||59,40|17,00|10,10|0||0|||||||01|59,40|0,65|||0,39|01|59,40|3,00|||1,78||
|C170|7|902610||1,00000|UN|186,59||0|000|5152||186,59|17,00|31,72|0||0|||||||01|186,59|0,65|||1,21|01|186,59|3,00|||5,60||
|C170|8|902101||1,00000|UN|29,36||0|000|5152||29,36|17,00|4,99|0||0|||||||01|29,36|0,65|||0,19|01|29,36|3,00|||0,88||
|C170|9|902511||8,00000|UN|344,56||0|000|5152||344,56|17,00|58,58|0||0|||||||01|344,56|0,65|||2,24|01|344,56|3,00|||10,34||
|C170|10|902102||1,00000|UN|59,40||0|000|5152||59,40|17,00|10,10|0||0|||||||01|59,40|0,65|||0,39|01|59,40|3,00|||1,78||
|C190|000|5152|17,00|944,35|944,35|160,54|0|0|0|0||
|C100|1|0|800008026|01|00|U|0070060||20122011|20122011|1346,18|0|||1346,18|9||||484,18|82,31||||||||
|C170|1|521161||2,00000|UN|72,40||0|000|5152||72,40|17,00|12,31|0||0|||||||01|72,40|0,65|||0,47|01|72,40|3,00|||2,17||
|C170|2|521171||1,00000|UN|105,48||0|000|5152||105,48|17,00|17,93|0||0|||||||01|105,48|0,65|||0,69|01|105,48|3,00|||3,16||
|C170|3|690300||22,00000|UN|209,00||0|041|5152|||||0||0|||||||01|209,00|0,65|||1,36|01|209,00|3,00|||6,27||
|C170|4|690310||8,00000|UN|124,00||0|041|5152|||||0||0|||||||01|124,00|0,65|||0,81|01|124,00|3,00|||3,72||
|C170|5|521172||1,00000|UN|105,48||0|000|5152||105,48|17,00|17,93|0||0|||||||01|105,48|0,65|||0,69|01|105,48|3,00|||3,16||
|C170|6|521173||1,00000|UN|200,82||0|000|5152||200,82|17,00|34,14|0||0|||||||01|200,82|0,65|||1,31|01|200,82|3,00|||6,02||
|C170|7|690311||8,00000|UN|124,00||0|041|5152|||||0||0|||||||01|124,00|0,65|||0,81|01|124,00|3,00|||3,72||
|C170|8|690312||36,00000|UN|255,60||0|041|5152|||||0||0|||||||01|255,60|0,65|||1,66|01|255,60|3,00|||7,67||
|C170|9|690313||12,00000|UN|79,80||0|041|5152|||||0||0|||||||01|79,80|0,65|||0,52|01|79,80|3,00|||2,39||
|C170|10|690330||24,00000|UN|69,60||0|041|5152|||||0||0|||||||01|69,60|0,65|||0,45|01|69,60|3,00|||2,09||
|C190|000|5152|17,00|484,18|484,18|82,31|0|0|0|0||
|C190|041|5152||862,00|0|0|0|0|0|0||
|C100|1|0|800008026|01|00|U|0070063||20122011|20122011|7726,53|0|||7726,53|9||||7726,53|1313,51||||||||
|C170|1|160110||4,00000|UN|607,92||0|000|5152||607,92|17,00|103,35|0||0|||||||01|607,92|0,65|||3,95|01|607,92|3,00|||18,24||
|C170|2|160130||1,00000|UN|259,34||0|000|5152||259,34|17,00|44,09|0||0|||||||01|259,34|0,65|||1,69|01|259,34|3,00|||7,78||
|C170|3|160210||4,00000|UN|901,72||0|000|5152||901,72|17,00|153,29|0||0|||||||01|901,72|0,65|||5,86|01|901,72|3,00|||27,05||
|C170|4|160170||6,00000|UN|673,74||0|000|5152||673,74|17,00|114,54|0||0|||||||01|673,74|0,65|||4,38|01|673,74|3,00|||20,21||
|C170|5|160150||2,00000|UN|393,88||0|000|5152||393,88|17,00|66,96|0||0|||||||01|393,88|0,65|||2,56|01|393,88|3,00|||11,82||
|C170|6|160200||4,00000|UN|358,88||0|000|5152||358,88|17,00|61,01|0||0|||||||01|358,88|0,65|||2,33|01|358,88|3,00|||10,77||
|C170|7|180920||10,00000|UN|326,50||0|000|5152||326,50|17,00|55,51|0||0|||||||01|326,50|0,65|||2,12|01|326,50|3,00|||9,80||
|C170|8|180930||5,00000|UN|396,50||0|000|5152||396,50|17,00|67,41|0||0|||||||01|396,50|0,65|||2,58|01|396,50|3,00|||11,90||
|C170|9|180940||5,00000|UN|551,00||0|000|5152||551,00|17,00|93,67|0||0|||||||01|551,00|0,65|||3,58|01|551,00|3,00|||16,53||
|C170|10|330150||5,00000|UN|1134,00||0|000|5152||1134,00|17,00|192,78|0||0|||||||01|1134,00|0,65|||7,37|01|1134,00|3,00|||34,02||
|C170|11|330130||6,00000|UN|781,02||0|000|5152||781,02|17,00|132,77|0||0|||||||01|781,02|0,65|||5,08|01|781,02|3,00|||23,43||
|C170|12|330090||8,00000|UN|450,16||0|000|5152||450,16|17,00|76,53|0||0|||||||01|450,16|0,65|||2,93|01|450,16|3,00|||13,50||
|C170|13|290033||5,00000|UN|533,85||0|000|5152||533,85|17,00|90,75|0||0|||||||01|533,85|0,65|||3,47|01|533,85|3,00|||16,02||
|C170|14|290053||3,00000|UN|358,02||0|000|5152||358,02|17,00|60,86|0||0|||||||01|358,02|0,65|||2,33|01|358,02|3,00|||10,74||
|C190|000|5152|17,00|7726,53|7726,53|1313,51|0|0|0|0||
|C100|1|0|800008026|01|00|U|0070064||20122011|20122011|64,14|0|||64,14|9||||64,14|10,90||||||||
|C170|1|910781||1,00000|UN|32,07||0|000|5152||32,07|17,00|5,45|0||0|||||||01|32,07|0,65|||0,21|01|32,07|3,00|||0,96||
|C170|2|910783||1,00000|UN|32,07||0|000|5152||32,07|17,00|5,45|0||0|||||||01|32,07|0,65|||0,21|01|32,07|3,00|||0,96||
|C190|000|5152|17,00|64,14|64,14|10,90|0|0|0|0||
|C100|1|0|800008026|01|00|U|0070065||20122011|20122011|326,16|0|||326,16|9||||326,16|55,45||||||||
|C170|1|160220||2,00000|UN|326,16||0|000|5152||326,16|17,00|55,45|0||0|||||||01|326,16|0,65|||2,12|01|326,16|3,00|||9,78||
|C190|000|5152|17,00|326,16|326,16|55,45|0|0|0|0||
|C100|1|0|800008026|01|00|U|0070066||20122011|20122011|974,56|0|||974,56|9||||974,56|165,68||||||||
|C170|1|030450||1,00000|UN|566,30||0|000|5152||566,30|17,00|96,27|0||0|||||||01|566,30|0,65|||3,68|01|566,30|3,00|||16,99||
|C170|2|030543||1,00000|UN|408,26||0|000|5152||408,26|17,00|69,40|0||0|||||||01|408,26|0,65|||2,65|01|408,26|3,00|||12,25||
|C190|000|5152|17,00|974,56|974,56|165,68|0|0|0|0||
|C100|1|0|800008026|01|00|U|0070067||21122011|21122011|741,05|0|||741,05|9||||741,05|125,98||||||||
|C170|1|103110||25,00000|UN|502,75||0|000|5152||502,75|17,00|85,47|0||0|||||||01|502,75|0,65|||3,27|01|502,75|3,00|||15,08||
|C170|2|103121||25,00000|UN|62,50||0|000|5152||62,50|17,00|10,63|0||0|||||||01|62,50|0,65|||0,41|01|62,50|3,00|||1,88||
|C170|3|970670||5,00000|UN|65,50||0|000|5152||65,50|17,00|11,13|0||0|||||||01|65,50|0,65|||0,43|01|65,50|3,00|||1,97||
|C170|4|970610||10,00000|UN|65,70||0|000|5152||65,70|17,00|11,17|0||0|||||||01|65,70|0,65|||0,43|01|65,70|3,00|||1,97||
|C170|5|970620||5,00000|UN|44,60||0|000|5152||44,60|17,00|7,58|0||0|||||||01|44,60|0,65|||0,29|01|44,60|3,00|||1,34||
|C190|000|5152|17,00|741,05|741,05|125,98|0|0|0|0||
|C100|1|0|800008026|01|00|U|0070068||21122011|21122011|6785,43|0|||6785,43|9||||6785,43|1153,52||||||||
|C170|1|030940||2,00000|UN|1817,88||0|000|5152||1817,88|17,00|309,04|0||0|||||||01|1817,88|0,65|||11,82|01|1817,88|3,00|||54,54||
|C170|2|270030||3,00000|UN|1394,40||0|000|5152||1394,40|17,00|237,05|0||0|||||||01|1394,40|0,65|||9,06|01|1394,40|3,00|||41,83||
|C170|3|270040||7,00000|UN|3573,15||0|000|5152||3573,15|17,00|607,44|0||0|||||||01|3573,15|0,65|||23,23|01|3573,15|3,00|||107,19||
|C190|000|5152|17,00|6785,43|6785,43|1153,52|0|0|0|0||
|C100|1|0|800008026|01|00|U|0070071||22122011|22122011|30531,24|0|||30531,24|9||||30531,24|5190,31||||||||
|C170|1|030553||3,00000|UN|1762,29||0|000|5152||1762,29|17,00|299,59|0||0|||||||01|1762,29|0,65|||11,45|01|1762,29|3,00|||52,87||
|C170|2|040013||1,00000|UN|717,21||0|000|5152||717,21|17,00|121,93|0||0|||||||01|717,21|0,65|||4,66|01|717,21|3,00|||21,52||
|C170|3|180410||4,00000|UN|1703,44||0|000|5152||1703,44|17,00|289,58|0||0|||||||01|1703,44|0,65|||11,07|01|1703,44|3,00|||51,10||
|C170|4|120080||10,00000|UN|854,90||0|000|5152||854,90|17,00|145,33|0||0|||||||01|854,90|0,65|||5,56|01|854,90|3,00|||25,65||
|C170|5|100200||8,00000|UN|1986,56||0|000|5152||1986,56|17,00|337,72|0||0|||||||01|1986,56|0,65|||12,91|01|1986,56|3,00|||59,60||
|C170|6|100210||10,00000|UN|2324,80||0|000|5152||2324,80|17,00|395,22|0||0|||||||01|2324,80|0,65|||15,11|01|2324,80|3,00|||69,74||
|C170|7|180750||5,00000|UN|5856,40||0|000|5152||5856,40|17,00|995,59|0||0|||||||01|5856,40|0,65|||38,07|01|5856,40|3,00|||175,69||
|C170|8|180770||8,00000|UN|4899,28||0|000|5152||4899,28|17,00|832,88|0||0|||||||01|4899,28|0,65|||31,85|01|4899,28|3,00|||146,98||
|C170|9|180780||7,00000|UN|4473,42||0|000|5152||4473,42|17,00|760,48|0||0|||||||01|4473,42|0,65|||29,08|01|4473,42|3,00|||134,20||
|C170|10|180690||2,00000|UN|3196,16||0|000|5152||3196,16|17,00|543,35|0||0|||||||01|3196,16|0,65|||20,78|01|3196,16|3,00|||95,88||
|C170|11|180420||4,00000|UN|2129,84||0|000|5152||2129,84|17,00|362,07|0||0|||||||01|2129,84|0,65|||13,84|01|2129,84|3,00|||63,90||
|C170|12|890390||1,00000|UN|626,94||0|000|5152||626,94|17,00|106,58|0||0|||||||01|626,94|0,65|||4,08|01|626,94|3,00|||18,81||
|C190|000|5152|17,00|30531,24|30531,24|5190,31|0|0|0|0||
|C100|1|0|800008026|01|00|U|0070023||15122011|15122011|8544,18|0|||8544,18|9||||8544,18|1452,51||||||||
|C170|1|040290||3,00000|UN|2037,72||0|000|5152||2037,72|17,00|346,41|0||0|||||||01|2037,72|0,65|||13,25|01|2037,72|3,00|||61,13||
|C170|2|180440||2,00000|UN|538,60||0|000|5152||538,60|17,00|91,56|0||0|||||||01|538,60|0,65|||3,50|01|538,60|3,00|||16,16||
|C170|3|250520||1,00000|UN|556,89||0|000|5152||556,89|17,00|94,67|0||0|||||||01|556,89|0,65|||3,62|01|556,89|3,00|||16,71||
|C170|4|180460||3,00000|UN|1621,44||0|000|5152||1621,44|17,00|275,64|0||0|||||||01|1621,44|0,65|||10,54|01|1621,44|3,00|||48,64||
|C170|5|180450||2,00000|UN|1078,28||0|000|5152||1078,28|17,00|183,31|0||0|||||||01|1078,28|0,65|||7,01|01|1078,28|3,00|||32,35||
|C170|6|180470||2,00000|UN|1730,40||0|000|5152||1730,40|17,00|294,17|0||0|||||||01|1730,40|0,65|||11,25|01|1730,40|3,00|||51,91||
|C170|7|250580||1,00000|UN|980,85||0|000|5152||980,85|17,00|166,74|0||0|||||||01|980,85|0,65|||6,38|01|980,85|3,00|||29,43||
|C190|000|5152|17,00|8544,18|8544,18|1452,51|0|0|0|0||
|C100|1|0|800008026|01|00|U|0070024||15122011|15122011|1601,25|0|||1601,25|9||||1601,25|272,21||||||||
|C170|1|030253||1,00000|UN|929,81||0|000|5152||929,81|17,00|158,07|0||0|||||||01|929,81|0,65|||6,04|01|929,81|3,00|||27,89||
|C170|2|030363||1,00000|UN|671,44||0|000|5152||671,44|17,00|114,14|0||0|||||||01|671,44|0,65|||4,36|01|671,44|3,00|||20,14||
|C190|000|5152|17,00|1601,25|1601,25|272,21|0|0|0|0||
|C100|1|0|800008026|01|00|U|0070081||23122011|23122011|857,84|0|||857,84|9||||857,84|145,83||||||||
|C170|1|040213||1,00000|UN|857,84||0|000|5152||857,84|17,00|145,83|0||0|||||||01|857,84|0,65|||5,58|01|857,84|3,00|||25,74||
|C190|000|5152|17,00|857,84|857,84|145,83|0|0|0|0||
|C100|1|0|800008026|01|00|U|0070083||23122011|23122011|535,23|0|||535,23|9||||535,23|90,99||||||||
|C170|1|030910||1,00000|UN|535,23||0|000|5152||535,23|17,00|90,99|0||0|||||||01|535,23|0,65|||3,48|01|535,23|3,00|||16,06||
|C190|000|5152|17,00|535,23|535,23|90,99|0|0|0|0||
|C100|1|0|800008026|01|00|U|0070087||23122011|23122011|13869,11|0|||13869,11|9||||13869,11|2357,75||||||||
|C170|1|031093||3,00000|UN|714,60||0|000|5152||714,60|17,00|121,48|0||0|||||||01|714,60|0,65|||4,64|01|714,60|3,00|||21,44||
|C170|2|180370||10,00000|UN|2126,60||0|000|5152||2126,60|17,00|361,52|0||0|||||||01|2126,60|0,65|||13,82|01|2126,60|3,00|||63,80||
|C170|3|200370||15,00000|UN|2503,50||0|000|5152||2503,50|17,00|425,60|0||0|||||||01|2503,50|0,65|||16,27|01|2503,50|3,00|||75,11||
|C170|4|180760||3,00000|UN|2396,88||0|000|5152||2396,88|17,00|407,47|0||0|||||||01|2396,88|0,65|||15,58|01|2396,88|3,00|||71,91||
|C170|5|180790||3,00000|UN|2716,56||0|000|5152||2716,56|17,00|461,82|0||0|||||||01|2716,56|0,65|||17,66|01|2716,56|3,00|||81,50||
|C170|6|200210||3,00000|UN|811,62||0|000|5152||811,62|17,00|137,98|0||0|||||||01|811,62|0,65|||5,28|01|811,62|3,00|||24,35||
|C170|7|200530||20,00000|UN|1488,00||0|000|5152||1488,00|17,00|252,96|0||0|||||||01|1488,00|0,65|||9,67|01|1488,00|3,00|||44,64||
|C170|8|200400||5,00000|UN|1111,35||0|000|5152||1111,35|17,00|188,93|0||0|||||||01|1111,35|0,65|||7,22|01|1111,35|3,00|||33,34||
|C190|000|5152|17,00|13869,11|13869,11|2357,75|0|0|0|0||
|C100|1|0|800008026|01|00|U|0070088||24122011|24122011|1694,23|0|||1694,23|9||||1694,23|288,02||||||||
|C170|1|030383||1,00000|UN|829,03||0|000|5152||829,03|17,00|140,94|0||0|||||||01|829,03|0,65|||5,39|01|829,03|3,00|||24,87||
|C170|2|180470||1,00000|UN|865,20||0|000|5152||865,20|17,00|147,08|0||0|||||||01|865,20|0,65|||5,62|01|865,20|3,00|||25,96||
|C190|000|5152|17,00|1694,23|1694,23|288,02|0|0|0|0||
|C100|1|0|800008026|01|00|U|0070089||24122011|24122011|1102,99|0|||1102,99|9||||1102,99|187,51||||||||
|C170|1|030143||1,00000|UN|1102,99||0|000|5152||1102,99|17,00|187,51|0||0|||||||01|1102,99|0,65|||7,17|01|1102,99|3,00|||33,09||
|C190|000|5152|17,00|1102,99|1102,99|187,51|0|0|0|0||
|C100|1|0|800008026|01|00|U|0069955||06122011|06122011|291,28|0|||291,28|9||||291,28|49,52||||||||
|C170|1|030533||1,00000|UN|291,28||0|000|5152||291,28|17,00|49,52|0||0|||||||01|291,28|0,65|||1,89|01|291,28|3,00|||8,74||
|C190|000|5152|17,00|291,28|291,28|49,52|0|0|0|0||
|C100|1|0|800008026|01|00|U|0069964||07122011|07122011|545,63|0|||545,63|9||||545,63|92,76||||||||
|C170|1|840123||2,00000|UN|51,06||0|000|5152||51,06|17,00|8,68|0||0|||||||01|51,06|0,65|||0,33|01|51,06|3,00|||1,53||
|C170|2|840321||1,00000|UN|15,75||0|000|5152||15,75|17,00|2,68|0||0|||||||01|15,75|0,65|||0,10|01|15,75|3,00|||0,47||
|C170|3|840432||2,00000|UN|59,98||0|000|5152||59,98|17,00|10,20|0||0|||||||01|59,98|0,65|||0,39|01|59,98|3,00|||1,80||
|C170|4|840742||3,00000|UN|17,34||0|000|5152||17,34|17,00|2,95|0||0|||||||01|17,34|0,65|||0,11|01|17,34|3,00|||0,52||
|C170|5|840433||1,00000|UN|33,55||0|000|5152||33,55|17,00|5,70|0||0|||||||01|33,55|0,65|||0,22|01|33,55|3,00|||1,01||
|C170|6|840743||2,00000|UN|26,32||0|000|5152||26,32|17,00|4,47|0||0|||||||01|26,32|0,65|||0,17|01|26,32|3,00|||0,79||
|C170|7|840831||2,00000|UN|68,80||0|000|5152||68,80|17,00|11,70|0||0|||||||01|68,80|0,65|||0,45|01|68,80|3,00|||2,06||
|C170|8|840840||2,00000|UN|53,22||0|000|5152||53,22|17,00|9,05|0||0|||||||01|53,22|0,65|||0,35|01|53,22|3,00|||1,60||
|C170|9|841083||2,00000|UN|50,78||0|000|5152||50,78|17,00|8,63|0||0|||||||01|50,78|0,65|||0,33|01|50,78|3,00|||1,52||
|C170|10|840991||2,00000|UN|44,76||0|000|5152||44,76|17,00|7,61|0||0|||||||01|44,76|0,65|||0,29|01|44,76|3,00|||1,34||
|C170|11|840992||2,00000|UN|44,66||0|000|5152||44,66|17,00|7,59|0||0|||||||01|44,66|0,65|||0,29|01|44,66|3,00|||1,34||
|C170|12|840993||1,00000|UN|79,41||0|000|5152||79,41|17,00|13,50|0||0|||||||01|79,41|0,65|||0,52|01|79,41|3,00|||2,38||
|C190|000|5152|17,00|545,63|545,63|92,76|0|0|0|0||
|C100|1|0|800008026|01|00|U|0069965||07122011|07122011|519,90|0|||519,90|9||||519,90|88,38||||||||
|C170|1|840322||1,00000|UN|16,42||0|000|5152||16,42|17,00|2,79|0||0|||||||01|16,42|0,65|||0,11|01|16,42|3,00|||0,49||
|C170|2|840620||2,00000|UN|55,82||0|000|5152||55,82|17,00|9,49|0||0|||||||01|55,82|0,65|||0,36|01|55,82|3,00|||1,67||
|C170|3|841111||2,00000|UN|38,62||0|000|5152||38,62|17,00|6,57|0||0|||||||01|38,62|0,65|||0,25|01|38,62|3,00|||1,16||
|C170|4|840970||3,00000|UN|88,92||0|000|5152||88,92|17,00|15,12|0||0|||||||01|88,92|0,65|||0,58|01|88,92|3,00|||2,67||
|C170|5|840980||5,00000|UN|167,45||0|000|5152||167,45|17,00|28,47|0||0|||||||01|167,45|0,65|||1,09|01|167,45|3,00|||5,02||
|C170|6|840773||1,00000|UN|19,77||0|000|5152||19,77|17,00|3,36|0||0|||||||01|19,77|0,65|||0,13|01|19,77|3,00|||0,59||
|C170|7|841112||2,00000|UN|53,50||0|000|5152||53,50|17,00|9,10|0||0|||||||01|53,50|0,65|||0,35|01|53,50|3,00|||1,61||
|C170|8|841113||2,00000|UN|79,40||0|000|5152||79,40|17,00|13,50|0||0|||||||01|79,40|0,65|||0,52|01|79,40|3,00|||2,38||
|C190|000|5152|17,00|519,90|519,90|88,38|0|0|0|0||
|C100|1|0|800008026|01|00|U|0069966||07122011|07122011|352,86|0|||352,86|9||||352,86|59,99||||||||
|C170|1|840771||1,00000|UN|25,50||0|000|5152||25,50|17,00|4,33|0||0|||||||01|25,50|0,65|||0,17|01|25,50|3,00|||0,77||
|C170|2|840774||1,00000|UN|26,73||0|000|5152||26,73|17,00|4,54|0||0|||||||01|26,73|0,65|||0,17|01|26,73|3,00|||0,80||
|C170|3|840775||1,00000|UN|21,86||0|000|5152||21,86|17,00|3,72|0||0|||||||01|21,86|0,65|||0,14|01|21,86|3,00|||0,66||
|C170|4|840921||2,00000|UN|48,46||0|000|5152||48,46|17,00|8,24|0||0|||||||01|48,46|0,65|||0,32|01|48,46|3,00|||1,45||
|C170|5|840922||2,00000|UN|31,26||0|000|5152||31,26|17,00|5,31|0||0|||||||01|31,26|0,65|||0,20|01|31,26|3,00|||0,94||
|C170|6|840923||3,00000|UN|21,72||0|000|5152||21,72|17,00|3,69|0||0|||||||01|21,72|0,65|||0,14|01|21,72|3,00|||0,65||
|C170|7|840981||1,00000|UN|57,54||0|000|5152||57,54|17,00|9,78|0||0|||||||01|57,54|0,65|||0,37|01|57,54|3,00|||1,73||
|C170|8|841104||3,00000|UN|28,95||0|000|5152||28,95|17,00|4,92|0||0|||||||01|28,95|0,65|||0,19|01|28,95|3,00|||0,87||
|C170|9|840924||2,00000|UN|90,84||0|000|5152||90,84|17,00|15,44|0||0|||||||01|90,84|0,65|||0,59|01|90,84|3,00|||2,73||
|C190|000|5152|17,00|352,86|352,86|59,99|0|0|0|0||
|C100|1|0|800008026|01|00|U|0069967||07122011|07122011|10544,10|0|||10544,10|9||||10544,10|1792,50||||||||
|C170|1|030523||3,00000|UN|523,20||0|000|5152||523,20|17,00|88,94|0||0|||||||01|523,20|0,65|||3,40|01|523,20|3,00|||15,70||
|C170|2|030543||3,00000|UN|1224,78||0|000|5152||1224,78|17,00|208,21|0||0|||||||01|1224,78|0,65|||7,96|01|1224,78|3,00|||36,74||
|C170|3|100200||10,00000|UN|2483,20||0|000|5152||2483,20|17,00|422,14|0||0|||||||01|2483,20|0,65|||16,14|01|2483,20|3,00|||74,50||
|C170|4|100160||5,00000|UN|1427,50||0|000|5152||1427,50|17,00|242,68|0||0|||||||01|1427,50|0,65|||9,28|01|1427,50|3,00|||42,83||
|C170|5|180280||9,00000|UN|478,08||0|000|5152||478,08|17,00|81,27|0||0|||||||01|478,08|0,65|||3,11|01|478,08|3,00|||14,34||
|C170|6|040440||3,00000|UN|774,84||0|000|5152||774,84|17,00|131,72|0||0|||||||01|774,84|0,65|||5,04|01|774,84|3,00|||23,25||
|C170|7|950330||1,00000|UN|1150,42||0|000|5152||1150,42|17,00|195,57|0||0|||||||01|1150,42|0,65|||7,48|01|1150,42|3,00|||34,51||
|C170|8|950490||2,00000|UN|631,58||0|000|5152||631,58|17,00|107,37|0||0|||||||01|631,58|0,65|||4,11|01|631,58|3,00|||18,95||
|C170|9|220203||2,00000|UN|1850,50||0|000|5152||1850,50|17,00|314,58|0||0|||||||01|1850,50|0,65|||12,03|01|1850,50|3,00|||55,52||
|C190|000|5152|17,00|10544,10|10544,10|1792,50|0|0|0|0||
|C100|1|0|800008026|01|00|U|0069970||08122011|08122011|525,79|0|||525,79|9||||525,79|89,38||||||||
|C170|1|031120||1,00000|UN|525,79||0|000|5152||525,79|17,00|89,38|0||0|||||||01|525,79|0,65|||3,42|01|525,79|3,00|||15,77||
|C190|000|5152|17,00|525,79|525,79|89,38|0|0|0|0||
|C100|1|0|800008026|01|00|U|0069972||08122011|08122011|1842,35|0|||1842,35|9||||1842,35|313,20||||||||
|C170|1|180970||1,00000|UN|1842,35||0|000|5152||1842,35|17,00|313,20|0||0|||||||01|1842,35|0,65|||11,98|01|1842,35|3,00|||55,27||
|C190|000|5152|17,00|1842,35|1842,35|313,20|0|0|0|0||
|C100|1|0|800008026|01|00|U|0069980||09122011|09122011|240,03|0|||240,03|9||||240,03|40,81||||||||
|C170|1|040470||1,00000|UN|240,03||0|000|5152||240,03|17,00|40,81|0||0|||||||01|240,03|0,65|||1,56|01|240,03|3,00|||7,20||
|C190|000|5152|17,00|240,03|240,03|40,81|0|0|0|0||
|C100|1|0|800008026|01|00|U|0069987||10122011|10122011|5654,03|0|||5654,03|9||||5654,03|961,19||||||||
|C170|1|040413||1,00000|UN|258,79||0|000|5152||258,79|17,00|43,99|0||0|||||||01|258,79|0,65|||1,68|01|258,79|3,00|||7,76||
|C170|2|100210||8,00000|UN|1859,84||0|000|5152||1859,84|17,00|316,17|0||0|||||||01|1859,84|0,65|||12,09|01|1859,84|3,00|||55,80||
|C170|3|100220||8,00000|UN|1912,16||0|000|5152||1912,16|17,00|325,07|0||0|||||||01|1912,16|0,65|||12,43|01|1912,16|3,00|||57,36||
|C170|4|200210||6,00000|UN|1623,24||0|000|5152||1623,24|17,00|275,95|0||0|||||||01|1623,24|0,65|||10,55|01|1623,24|3,00|||48,70||
|C190|000|5152|17,00|5654,03|5654,03|961,19|0|0|0|0||
|C100|1|0|800008026|01|00|U|0069991||12122011|12122011|1897,88|0|||1897,88|9||||1897,88|322,64||||||||
|C170|1|030460||1,00000|UN|829,62||0|000|5152||829,62|17,00|141,04|0||0|||||||01|829,62|0,65|||5,39|01|829,62|3,00|||24,89||
|C170|2|031160||1,00000|UN|1068,26||0|000|5152||1068,26|17,00|181,60|0||0|||||||01|1068,26|0,65|||6,94|01|1068,26|3,00|||32,05||
|C190|000|5152|17,00|1897,88|1897,88|322,64|0|0|0|0||
|C100|1|0|800008026|01|00|U|0069993||13122011|13122011|1153,74|0|||1153,74|9||||1153,74|196,14||||||||
|C170|1|030363||1,00000|UN|671,44||0|000|5152||671,44|17,00|114,14|0||0|||||||01|671,44|0,65|||4,36|01|671,44|3,00|||20,14||
|C170|2|040133||1,00000|UN|482,30||0|000|5152||482,30|17,00|81,99|0||0|||||||01|482,30|0,65|||3,14|01|482,30|3,00|||14,47||
|C190|000|5152|17,00|1153,74|1153,74|196,14|0|0|0|0||
|C100|1|0|800008026|01|00|U|0069994||13122011|13122011|68,01|0|||68,01|9||||68,01|11,56||||||||
|C170|1|500084||3,00000|UN|68,01||0|000|5152||68,01|17,00|11,56|0||0|||||||01|68,01|0,65|||0,44|01|68,01|3,00|||2,04||
|C190|000|5152|17,00|68,01|68,01|11,56|0|0|0|0||
|C100|1|0|800008026|01|00|U|0069995||13122011|13122011|3923,73|0|||3923,73|9||||3923,73|667,03||||||||
|C170|1|030030||1,00000|UN|1712,98||0|000|5152||1712,98|17,00|291,21|0||0|||||||01|1712,98|0,65|||11,13|01|1712,98|3,00|||51,39||
|C170|2|030443||1,00000|UN|743,96||0|000|5152||743,96|17,00|126,47|0||0|||||||01|743,96|0,65|||4,84|01|743,96|3,00|||22,32||
|C170|3|030543||1,00000|UN|408,26||0|000|5152||408,26|17,00|69,40|0||0|||||||01|408,26|0,65|||2,65|01|408,26|3,00|||12,25||
|C170|4|030450||1,00000|UN|566,30||0|000|5152||566,30|17,00|96,27|0||0|||||||01|566,30|0,65|||3,68|01|566,30|3,00|||16,99||
|C170|5|903573||1,00000|UN|145,63||0|000|5152||145,63|17,00|24,76|0||0|||||||01|145,63|0,65|||0,95|01|145,63|3,00|||4,37||
|C170|6|031260||1,00000|UN|346,60||0|000|5152||346,60|17,00|58,92|0||0|||||||01|346,60|0,65|||2,25|01|346,60|3,00|||10,40||
|C190|000|5152|17,00|3923,73|3923,73|667,03|0|0|0|0||
|C100|1|0|800008026|01|00|U|0070002||13122011|13122011|2142,52|0|||2142,52|9||||2142,52|364,23||||||||
|C170|1|030473||1,00000|UN|664,80||0|000|5152||664,80|17,00|113,02|0||0|||||||01|664,80|0,65|||4,32|01|664,80|3,00|||19,94||
|C170|2|040133||1,00000|UN|482,30||0|000|5152||482,30|17,00|81,99|0||0|||||||01|482,30|0,65|||3,14|01|482,30|3,00|||14,47||
|C170|3|290053||2,00000|UN|236,36||0|000|5152||236,36|17,00|40,18|0||0|||||||01|236,36|0,65|||1,54|01|236,36|3,00|||7,09||
|C170|4|040143||1,00000|UN|562,30||0|000|5152||562,30|17,00|95,59|0||0|||||||01|562,30|0,65|||3,65|01|562,30|3,00|||16,87||
|C170|5|200370||1,00000|UN|196,76||0|000|5152||196,76|17,00|33,45|0||0|||||||01|196,76|0,65|||1,28|01|196,76|3,00|||5,90||
|C190|000|5152|17,00|2142,52|2142,52|364,23|0|0|0|0||
|C100|1|0|800008026|01|00|U|0069918||01122011|01122011|4841,83|0|||4841,83|9||||4841,83|823,11||||||||
|C170|1|120050||3,00000|UN|279,00||0|000|5152||279,00|17,00|47,43|0||0|||||||01|279,00|0,65|||1,81|01|279,00|3,00|||8,37||
|C170|2|120080||10,00000|UN|854,90||0|000|5152||854,90|17,00|145,33|0||0|||||||01|854,90|0,65|||5,56|01|854,90|3,00|||25,65||
|C170|3|220143||1,00000|UN|527,81||0|000|5152||527,81|17,00|89,73|0||0|||||||01|527,81|0,65|||3,43|01|527,81|3,00|||15,83||
|C170|4|180203||4,00000|UN|957,24||0|000|5152||957,24|17,00|162,73|0||0|||||||01|957,24|0,65|||6,22|01|957,24|3,00|||28,72||
|C170|5|180273||4,00000|UN|735,68||0|000|5152||735,68|17,00|125,07|0||0|||||||01|735,68|0,65|||4,78|01|735,68|3,00|||22,07||
|C170|6|180270||10,00000|UN|1487,20||0|000|5152||1487,20|17,00|252,82|0||0|||||||01|1487,20|0,65|||9,67|01|1487,20|3,00|||44,62||
|C190|000|5152|17,00|4841,83|4841,83|823,11|0|0|0|0||
|C100|1|0|800008026|01|00|U|0069923||01122011|01122011|186,02|0|||186,02|9||||186,02|31,62||||||||
|C170|1|180253||1,00000|UN|186,02||0|000|5152||186,02|17,00|31,62|0||0|||||||01|186,02|0,65|||1,21|01|186,02|3,00|||5,58||
|C190|000|5152|17,00|186,02|186,02|31,62|0|0|0|0||
|C100|1|0|800008026|01|00|U|0069925||01122011|01122011|563,53|0|||563,53|9||||563,53|95,80||||||||
|C170|1|040530||1,00000|UN|563,53||0|000|5152||563,53|17,00|95,80|0||0|||||||01|563,53|0,65|||3,66|01|563,53|3,00|||16,91||
|C190|000|5152|17,00|563,53|563,53|95,80|0|0|0|0||
|C100|1|0|800008026|01|00|U|0069926||02122011|02122011|311,96|0|||311,96|9||||311,96|53,03||||||||
|C170|1|120120||2,00000|UN|311,96||0|000|5152||311,96|17,00|53,03|0||0|||||||01|311,96|0,65|||2,03|01|311,96|3,00|||9,36||
|C190|000|5152|17,00|311,96|311,96|53,03|0|0|0|0||
|C100|1|0|800008026|01|00|U|0069932||02122011|02122011|1863,32|0|||1863,32|9||||1863,32|316,76||||||||
|C170|1|030100||1,00000|UN|1863,32||0|000|5152||1863,32|17,00|316,76|0||0|||||||01|1863,32|0,65|||12,11|01|1863,32|3,00|||55,90||
|C190|000|5152|17,00|1863,32|1863,32|316,76|0|0|0|0||
|C100|1|0|800008026|01|00|U|0069937||02122011|02122011|29,99|0|||29,99|9||||29,99|5,10||||||||
|C170|1|970650||1,00000|UN|29,99||0|000|5152||29,99|17,00|5,10|0||0|||||||01|29,99|0,65|||0,19|01|29,99|3,00|||0,90||
|C190|000|5152|17,00|29,99|29,99|5,10|0|0|0|0||
|C100|1|0|800008026|01|00|U|0069941||03122011|03122011|3629,46|0|||3629,46|9||||3629,46|617,01||||||||
|C170|1|031260||5,00000|UN|1733,00||0|000|5152||1733,00|17,00|294,61|0||0|||||||01|1733,00|0,65|||11,26|01|1733,00|3,00|||51,99||
|C170|2|040360||3,00000|UN|746,04||0|000|5152||746,04|17,00|126,83|0||0|||||||01|746,04|0,65|||4,85|01|746,04|3,00|||22,38||
|C170|3|950330||1,00000|UN|1150,42||0|000|5152||1150,42|17,00|195,57|0||0|||||||01|1150,42|0,65|||7,48|01|1150,42|3,00|||34,51||
|C190|000|5152|17,00|3629,46|3629,46|617,01|0|0|0|0||
|C100|1|0|800008026|01|00|U|0069944||05122011|05122011|773,85|0|||773,85|9||||773,85|131,55||||||||
|C170|1|040173||1,00000|UN|625,13||0|000|5152||625,13|17,00|106,27|0||0|||||||01|625,13|0,65|||4,06|01|625,13|3,00|||18,75||
|C170|2|180270||1,00000|UN|148,72||0|000|5152||148,72|17,00|25,28|0||0|||||||01|148,72|0,65|||0,97|01|148,72|3,00|||4,46||
|C190|000|5152|17,00|773,85|773,85|131,55|0|0|0|0||
|C100|1|0|800008073|01|00|U|0069942||03122011|03122011|1399,00|0|||1399,00|9||||0|0||||||||
|C170|1|040103||1,00000|UN|1399,00||0|041|5949|||||0||0|||||||99||||||99|||||||
|C190|041|5949||1399,00|0|0|0|0|0|0||
|C100|1|0|800007272|01|00|U|0069971||08122011|08122011|600,00|0|||600,00|9||||0|0||||||||
|C170|1|050553||1,00000|UN|600,00||0|041|5949|||||0||0|||||||99||||||99|||||||
|C190|041|5949||600,00|0|0|0|0|0|0||
|C100|1|0|800007273|01|00|U|0070090||24122011|24122011|220,00|0|||220,00|9||||0|0||||||||
|C170|1|060340||1,00000|UN|220,00||0|041|5949|||||0||0|||||||99||||||99|||||||
|C190|041|5949||220,00|0|0|0|0|0|0||
|C100|1|0|800008072|01|00|U|0070013||14122011|14122011|1049,00|0|||1049,00|9||||0|0||||||||
|C170|1|040173||1,00000|UN|1049,00||0|041|5949|||||0||0|||||||99||||||99|||||||
|C190|041|5949||1049,00|0|0|0|0|0|0||
|C100|1|0|6345|01|00|U|0070035||16122011|16122011|2400,00|0|||2400,00|9||||0|0||||||||
|C170|1|030830||1,00000|UN|2400,00||0|041|5949|||||0||0|||||||99||||||99|||||||
|C190|041|5949||2400,00|0|0|0|0|0|0||
|C100|1|0|800007255|01|00|U|0070036||16122011|16122011|259,00|0|||259,00|9||||0|0||||||||
|C170|1|180270||1,00000|UN|259,00||0|041|5949|||||0||0|||||||99||||||99|||||||
|C190|041|5949||259,00|0|0|0|0|0|0||
|C100|1|0|800007255|01|00|U|0070038||16122011|16122011|518,00|0|||518,00|9||||0|0||||||||
|C170|1|180270||2,00000|UN|518,00||0|041|5949|||||0||0|||||||99||||||99|||||||
|C190|041|5949||518,00|0|0|0|0|0|0||
|C100|1|0|800007255|01|00|U|0069977||09122011|09122011|342,00|0|||342,00|9||||0|0||||||||
|C170|1|150040||6,00000|UN|342,00||0|041|5949|||||0||0|||||||99||||||99|||||||
|C190|041|5949||342,00|0|0|0|0|0|0||
|C100|1|0|800007255|01|00|U|0069982||09122011|09122011|399,00|0|||399,00|9||||0|0||||||||
|C170|1|040360||1,00000|UN|399,00||0|041|5949|||||0||0|||||||99||||||99|||||||
|C190|041|5949||399,00|0|0|0|0|0|0||
|C100|1|0|800007255|01|00|U|0069957||06122011|06122011|259,00|0|||259,00|9||||0|0||||||||
|C170|1|180270||1,00000|UN|259,00||0|041|5949|||||0||0|||||||99||||||99|||||||
|C190|041|5949||259,00|0|0|0|0|0|0||
|C100|1|0|800007255|01|00|U|0069958||06122011|06122011|114,00|0|||114,00|9||||0|0||||||||
|C170|1|150040||2,00000|UN|114,00||0|041|5949|||||0||0|||||||99||||||99|||||||
|C190|041|5949||114,00|0|0|0|0|0|0||
|C100|1|0|800006994|01|00|U|0069931||02122011|02122011|769,00|0|||769,00|9||||0|0||||||||
|C170|1|040133||1,00000|UN|769,00||0|041|5949|||||0||0|||||||99||||||99|||||||
|C190|041|5949||769,00|0|0|0|0|0|0||
|C100|1|0|800006994|01|00|U|0069985||09122011|09122011|515,00|0|||515,00|9||||0|0||||||||
|C170|1|180770||1,00000|UN|515,00||0|041|5949|||||0||0|||||||99||||||99|||||||
|C190|041|5949||515,00|0|0|0|0|0|0||
|C100|1|0|800006994|01|00|U|0069976||09122011|09122011|850,00|0|||850,00|9||||0|0||||||||
|C170|1|030143||1,00000|UN|850,00||0|041|5949|||||0||0|||||||99||||||99|||||||
|C190|041|5949||850,00|0|0|0|0|0|0||
|C100|1|0|800006994|01|00|U|0069946||05122011|05122011|7465,00|0|||7465,00|9||||0|0||||||||
|C170|1|030123||1,00000|UN|1405,00||0|041|5949|||||0||0|||||||99||||||99|||||||
|C170|2|030680||1,00000|UN|572,00||0|041|5949|||||0||0|||||||99||||||99|||||||
|C170|3|030810||1,00000|UN|1100,00||0|041|5949|||||0||0|||||||99||||||99|||||||
|C170|4|030760||1,00000|UN|571,00||0|041|5949|||||0||0|||||||99||||||99|||||||
|C170|5|030800||1,00000|UN|792,00||0|041|5949|||||0||0|||||||99||||||99|||||||
|C170|6|050993||1,00000|UN|2463,00||0|041|5949|||||0||0|||||||99||||||99|||||||
|C170|7|950470||1,00000|UN|395,00||0|041|5949|||||0||0|||||||99||||||99|||||||
|C170|8|100210||1,00000|UN|167,00||0|041|5949|||||0||0|||||||99||||||99|||||||
|C190|041|5949||7465,00|0|0|0|0|0|0||
|C100|1|0|800006994|01|00|U|0070022||15122011|15122011|769,00|0|||769,00|9||||0|0||||||||
|C170|1|040423||1,00000|UN|769,00||0|041|5949|||||0||0|||||||99||||||99|||||||
|C190|041|5949||769,00|0|0|0|0|0|0||
|C100|1|0|800006994|01|00|U|0070091||24122011|24122011|800,00|0|||800,00|9||||0|0||||||||
|C170|1|050610||1,00000|UN|800,00||0|041|5949|||||0||0|||||||99||||||99|||||||
|C190|041|5949||800,00|0|0|0|0|0|0||
|C100|1|0|800006994|01|00|U|0070100||26122011|26122011|425,79|0|||425,79|9||||0|0||||||||
|C170|1|220570||1,00000|UN|425,79||0|041|5915|||||0||0|||||||99||||||99|||||||
|C190|041|5915||425,79|0|0|0|0|0|0||
|C100|1|0|800006994|01|00|U|0070074||22122011|22122011|114,00|0|||114,00|9||||0|0||||||||
|C170|1|900083||6,00000|UN|114,00||0|041|5949|||||0||0|||||||99||||||99|||||||
|C190|041|5949||114,00|0|0|0|0|0|0||
|C100|1|0|800006994|01|00|U|0070075||22122011|22122011|320,00|0|||320,00|9||||0|0||||||||
|C170|1|040123||1,00000|UN|320,00||0|041|5949|||||0||0|||||||99||||||99|||||||
|C190|041|5949||320,00|0|0|0|0|0|0||
|C100|1|0|800006994|01|00|U|0070076||22122011|22122011|90,00|0|||90,00|9||||0|0||||||||
|C170|1|040570||1,00000|UN|90,00||0|041|5949|||||0||0|||||||99||||||99|||||||
|C190|041|5949||90,00|0|0|0|0|0|0||
|C100|1|0|800006994|01|00|U|0070092||24122011|24122011|119,00|0|||119,00|9||||0|0||||||||
|C170|1|902650||1,00000|UN|119,00||0|041|5949|||||0||0|||||||99||||||99|||||||
|C190|041|5949||119,00|0|0|0|0|0|0||
|C100|1|0|800006994|01|00|U|0070080||22122011|22122011|399,00|0|||399,00|9||||0|0||||||||
|C170|1|100200||1,00000|UN|399,00||0|041|5949|||||0||0|||||||99||||||99|||||||
|C190|041|5949||399,00|0|0|0|0|0|0||
|C100|1|0|800007274|01|00|U|0070048||19122011|19122011|1399,00|0|||1399,00|9||||0|0||||||||
|C170|1|040213||1,00000|UN|1399,00||0|041|5949|||||0||0|||||||99||||||99|||||||
|C190|041|5949||1399,00|0|0|0|0|0|0||
|C100|1|0|800006985|01|00|U|0070010||14122011|14122011|16940,71|0|||16289,14|9||||16289,14|1140,24||||||||
|C170|1|050543||1,00000|UN|272,00||0|000|6202||272,00|7,00|19,04|0||0|||||||01|272,00|0,65|||1,77|01|272,00|3,00|||8,16||
|C170|2|050553||3,00000|UN|1098,00||0|000|6202||1098,00|7,00|76,86|0||0|||||||01|1098,00|0,65|||7,14|01|1098,00|3,00|||32,94||
|C170|3|050600||2,00000|UN|864,44||0|000|6202||864,44|7,00|60,51|0||0|||||||01|864,44|0,65|||5,62|01|864,44|3,00|||25,93||
|C170|4|050610||10,00000|UN|5596,70||0|000|6202||5596,70|7,00|391,77|0||0|||||||01|5596,70|0,65|||36,38|01|5596,70|3,00|||167,90||
|C170|5|050620||3,00000|UN|2175,00||0|000|6202||2175,00|7,00|152,25|0||0|||||||01|2175,00|0,65|||14,14|01|2175,00|3,00|||65,25||
|C170|6|051060||8,00000|UN|2954,00||0|000|6202||2954,00|7,00|206,78|0||0|||||||01|2954,00|0,65|||19,20|01|2954,00|3,00|||88,62||
|C170|7|051110||4,00000|UN|3329,00||0|000|6202||3329,00|7,00|233,03|0||0|||||||01|3329,00|0,65|||21,64|01|3329,00|3,00|||99,87||
|C190|000|6202|7,00|16940,71|16289,14|1140,24|0|0|0|0||
|C100|1|0|800006985|01|00|U|0070011||14122011|14122011|54507,87|0|||47398,14|9||||47398,14|3317,87||||||||
|C170|1|050683||10,00000|UN|4400,00||0|000|6202||4400,00|7,00|308,00|0||0|||||||01|4400,00|0,65|||28,60|01|4400,00|3,00|||132,00||
|C170|2|050910||2,00000|UN|2426,42||0|000|6202||2426,42|7,00|169,85|0||0|||||||01|2426,42|0,65|||15,77|01|2426,42|3,00|||72,79||
|C170|3|050973||4,00000|UN|8608,64||0|000|6202||8608,64|7,00|602,60|0||0|||||||01|8608,64|0,65|||55,96|01|8608,64|3,00|||258,26||
|C170|4|050980||7,00000|UN|11845,12||0|000|6202||11845,12|7,00|829,16|0||0|||||||01|11845,12|0,65|||76,99|01|11845,12|3,00|||355,35||
|C170|5|050983||7,00000|UN|7995,12||0|000|6202||7995,12|7,00|559,66|0||0|||||||01|7995,12|0,65|||51,97|01|7995,12|3,00|||239,85||
|C170|6|050990||4,00000|UN|5848,64||0|000|6202||5848,64|7,00|409,40|0||0|||||||01|5848,64|0,65|||38,02|01|5848,64|3,00|||175,46||
|C170|7|050993||2,00000|UN|6274,20||0|000|6202||6274,20|7,00|439,19|0||0|||||||01|6274,20|0,65|||40,78|01|6274,20|3,00|||188,23||
|C190|000|6202|7,00|54507,87|47398,14|3317,87|0|0|0|0||
|C100|1|0|800006985|01|00|U|0070012||14122011|14122011|3868,49|0|||3363,91|9||||3363,91|235,47||||||||
|C170|1|050910||1,00000|UN|1211,75||0|000|6202||1211,75|7,00|84,82|0||0|||||||01|1211,75|0,65|||7,88|01|1211,75|3,00|||36,35||
|C170|2|050973||1,00000|UN|2152,16||0|000|6202||2152,16|7,00|150,65|0||0|||||||01|2152,16|0,65|||13,99|01|2152,16|3,00|||64,56||
|C190|000|6202|7,00|3868,49|3363,91|235,47|0|0|0|0||
|C100|1|0|800007268|01|00|U|0069947||06122011|06122011|155,47|0|||138,82|9||||138,82|9,72||||||||
|C170|1|160120||2,00000|UN|138,82||0|000|6202||138,82|7,00|9,72|0||0|||||||01|138,82|0,65|||0,90|01|138,82|3,00|||4,16||
|C190|000|6202|7,00|155,47|138,82|9,72|0|0|0|0||
|C100|1|0|800006990|01|00|U|0070072||22122011|22122011|169,00|0|||169,00|9||||169,00|20,28||||||||
|C170|1|180270||1,00000|UN|169,00||0|000|6202||169,00|12,00|20,28|0||0|||||||01|169,00|0,65|||1,10|01|169,00|3,00|||5,07||
|C190|000|6202|12,00|169,00|169,00|20,28|0|0|0|0||
|C100|1|0|800007264|01|00|U|0070082||23122011|23122011|320,00|0|||320,00|9||||320,00|38,40||||||||
|C170|1|200530||4,00000|UN|320,00||0|000|6202||320,00|12,00|38,40|0||0|||||||01|320,00|0,65|||2,08|01|320,00|3,00|||9,60||
|C190|000|6202|12,00|320,00|320,00|38,40|0|0|0|0||
|C100|1|0|800007079|01|00|U|0070015||14122011|14122011|14470,79|0|||12058,99|9||||12058,99|844,13||||||||
|C170|1|220133||2,00000|UN|1764,68||0|000|6202||1764,68|7,00|123,53|0||0|||||||01|1764,68|0,65|||11,47|01|1764,68|3,00|||52,94||
|C170|2|220143||11,00000|UN|5137,99||0|000|6202||5137,99|7,00|359,66|0||0|||||||01|5137,99|0,65|||33,40|01|5137,99|3,00|||154,14||
|C170|3|220183||8,00000|UN|5156,32||0|000|6202||5156,32|7,00|360,94|0||0|||||||01|5156,32|0,65|||33,52|01|5156,32|3,00|||154,69||
|C190|000|6202|7,00|14470,79|12058,99|844,13|0|0|0|0||
|C100|1|0|800007079|01|00|U|0070016||14122011|14122011|42064,92|0|||36578,19|9||||36578,19|2560,47||||||||
|C170|1|220223||36,00000|UN|20313,72||0|000|6202||20313,72|7,00|1421,96|0||0|||||||01|20313,72|0,65|||132,04|01|20313,72|3,00|||609,41||
|C170|2|220303||3,00000|UN|4319,67||0|000|6202||4319,67|7,00|302,38|0||0|||||||01|4319,67|0,65|||28,08|01|4319,67|3,00|||129,59||
|C170|3|220353||7,00000|UN|11944,80||0|000|6202||11944,80|7,00|836,14|0||0|||||||01|11944,80|0,65|||77,64|01|11944,80|3,00|||358,34||
|C190|000|6202|7,00|42064,92|36578,19|2560,47|0|0|0|0||
|C100|1|0|800007176|01|00|U|0070014||14122011|14122011|9373,05|0|||8150,48|9||||8150,48|570,53||||||||
|C170|1|250520||7,00000|UN|3609,48||0|000|6202||3609,48|7,00|252,66|0||0|||||||01|3609,48|0,65|||23,46|01|3609,48|3,00|||108,28||
|C170|2|250580||5,00000|UN|4541,00||0|000|6202||4541,00|7,00|317,87|0||0|||||||01|4541,00|0,65|||29,52|01|4541,00|3,00|||136,23||
|C190|000|6202|7,00|9373,05|8150,48|570,53|0|0|0|0||
|C100|0|1|800008026|01|00|1|0009261||20122011|20122011|178,23|0|||178,23|9||||178,23|30,30||||||||
|C170|1|500140||1,00000|UN|25,35||0|000|1152||25,35|17,00|4,31|0||0||||||||||||||||||||
|C170|2|680280||1,00000|UN|21,94||0|000|1152||21,94|17,00|3,73|0||0||||||||||||||||||||
|C170|3|900331||1,00000|UN|25,57||0|000|1152||25,57|17,00|4,35|0||0||||||||||||||||||||
|C170|4|890500||1,00000|UN|56,78||0|000|1152||56,78|17,00|9,65|0||0||||||||||||||||||||
|C170|5|813000||1,00000|UN|33,27||0|000|1152||33,27|17,00|5,66|0||0||||||||||||||||||||
|C170|6|900521||1,00000|UN|15,32||0|000|1152||15,32|17,00|2,60|0||0||||||||||||||||||||
|C190|000|1152|17,00|178,23|178,23|30,30|0|0|0|0||
|C100|0|1|800008026|01|00|1|0009262||20122011|20122011|29,43|0|||29,43|9||||29,43|5,00||||||||
|C170|1|701410||1,00000|UN|8,31||0|000|1152||8,31|17,00|1,41|0||0||||||||||||||||||||
|C170|2|701420||3,00000|UN|21,12||0|000|1152||21,12|17,00|3,59|0||0||||||||||||||||||||
|C190|000|1152|17,00|29,43|29,43|5,00|0|0|0|0||
|C100|0|1|800008026|01|00|1|0009263||21122011|21122011|187,48|0|||187,48|9||||187,48|31,87||||||||
|C170|1|290210||1,00000|UN|187,48||0|000|1152||187,48|17,00|31,87|0||0||||||||||||||||||||
|C190|000|1152|17,00|187,48|187,48|31,87|0|0|0|0||
|C100|0|1|800008026|01|00|1|0009265||21122011|21122011|453,38|0|||453,38|9||||453,38|77,07||||||||
|C170|1|220100||1,00000|UN|453,38||0|000|1152||453,38|17,00|77,07|0||0||||||||||||||||||||
|C190|000|1152|17,00|453,38|453,38|77,07|0|0|0|0||
|C100|0|1|800008026|01|00|1|0009271||22122011|22122011|3350,10|0|||3350,10|9||||3350,10|569,52||||||||
|C170|1|050683||1,00000|UN|505,56||0|000|1152||505,56|17,00|85,95|0||0||||||||||||||||||||
|C170|2|160150||2,00000|UN|393,88||0|000|1152||393,88|17,00|66,96|0||0||||||||||||||||||||
|C170|3|180700||1,00000|UN|2450,66||0|000|1152||2450,66|17,00|416,61|0||0||||||||||||||||||||
|C190|000|1152|17,00|3350,10|3350,10|569,52|0|0|0|0||
|C100|0|1|800008026|01|00|1|0009273||23122011|23122011|2548,53|0|||2548,53|9||||2548,53|433,25||||||||
|C170|1|040213||1,00000|UN|857,84||0|000|1152||857,84|17,00|145,83|0||0||||||||||||||||||||
|C170|2|040233||1,00000|UN|1519,97||0|000|1152||1519,97|17,00|258,39|0||0||||||||||||||||||||
|C170|3|070420||1,00000|UN|170,72||0|000|1152||170,72|17,00|29,02|0||0||||||||||||||||||||
|C190|000|1152|17,00|2548,53|2548,53|433,25|0|0|0|0||
|C100|0|1|800008026|01|00|1|0009275||23122011|23122011|198,52|0|||198,52|9||||198,52|33,75||||||||
|C170|1|040430||1,00000|UN|198,52||0|000|1152||198,52|17,00|33,75|0||0||||||||||||||||||||
|C190|000|1152|17,00|198,52|198,52|33,75|0|0|0|0||
|C100|0|1|800008026|01|00|1|0009277||23122011|23122011|191,79|0|||191,79|9||||191,79|32,60||||||||
|C170|1|180270||1,00000|UN|148,72||0|000|1152||148,72|17,00|25,28|0||0||||||||||||||||||||
|C170|2|902511||1,00000|UN|43,07||0|000|1152||43,07|17,00|7,32|0||0||||||||||||||||||||
|C190|000|1152|17,00|191,79|191,79|32,60|0|0|0|0||
|C100|0|1|800008026|01|00|1|0009278||24122011|24122011|187,48|0|||187,48|9||||187,48|31,87||||||||
|C170|1|290210||1,00000|UN|187,48||0|000|1152||187,48|17,00|31,87|0||0||||||||||||||||||||
|C190|000|1152|17,00|187,48|187,48|31,87|0|0|0|0||
|C100|0|1|800008026|01|00|1|0009281||26122011|26122011|1102,99|0|||1102,99|9||||1102,99|187,51||||||||
|C170|1|030143||1,00000|UN|1102,99||0|000|1152||1102,99|17,00|187,51|0||0||||||||||||||||||||
|C190|000|1152|17,00|1102,99|1102,99|187,51|0|0|0|0||
|C100|0|1|800008026|01|00|1|0009284||26122011|26122011|380,64|0|||380,64|9||||380,64|64,71||||||||
|C170|1|031110||1,00000|UN|380,64||0|000|1152||380,64|17,00|64,71|0||0||||||||||||||||||||
|C190|000|1152|17,00|380,64|380,64|64,71|0|0|0|0||
|C100|0|1|800008026|01|00|1|0009286||26122011|26122011|69,27|0|||69,27|9||||69,27|11,78||||||||
|C170|1|950310||1,00000|UN|69,27||0|000|1152||69,27|17,00|11,78|0||0||||||||||||||||||||
|C190|000|1152|17,00|69,27|69,27|11,78|0|0|0|0||
|C100|0|1|800008026|01|00|1|0009288||26122011|26122011|48,61|0|||48,61|9||||48,61|8,26||||||||
|C170|1|900872||1,00000|UN|48,61||0|000|1152||48,61|17,00|8,26|0||0||||||||||||||||||||
|C190|000|1152|17,00|48,61|48,61|8,26|0|0|0|0||
|C100|0|1|800008026|01|00|1|0009290||26122011|26122011|25,14|0|||25,14|9||||25,14|4,27||||||||
|C170|1|810730||1,00000|UN|25,14||0|000|1152||25,14|17,00|4,27|0||0||||||||||||||||||||
|C190|000|1152|17,00|25,14|25,14|4,27|0|0|0|0||
|C100|0|1|800008026|01|00|1|0009293||27122011|27122011|327,71|0|||327,71|9||||327,71|55,71||||||||
|C170|1|530400||1,00000|UN|258,44||0|000|1152||258,44|17,00|43,93|0||0||||||||||||||||||||
|C170|2|950310||1,00000|UN|69,27||0|000|1152||69,27|17,00|11,78|0||0||||||||||||||||||||
|C190|000|1152|17,00|327,71|327,71|55,71|0|0|0|0||
|C100|0|1|800008026|01|00|1|0009295||28122011|28122011|856,44|0|||856,44|9||||713,49|121,29||||||||
|C170|1|120090||1,00000|UN|42,35||0|000|1152||42,35|17,00|7,20|0||0||||||||||||||||||||
|C170|2|180450||1,00000|UN|539,14||0|000|1152||539,14|17,00|91,65|0||0||||||||||||||||||||
|C170|3|940460||1,00000|UN|142,95||0|041|1152|||||0||0||||||||||||||||||||
|C170|4|902250||2,00000|UN|132,00||0|000|1152||132,00|17,00|22,44|0||0||||||||||||||||||||
|C190|000|1152|17,00|713,49|713,49|121,29|0|0|0|0||
|C190|041|1152||142,95|0|0|0|0|0|0||
|C100|0|1|800008026|01|00|1|0009298||29122011|29122011|6957,86|0|||6957,86|9||||6957,86|1182,84||||||||
|C170|1|030030||1,00000|UN|1565,77||0|000|1152||1565,77|17,00|266,18|0||0||||||||||||||||||||
|C170|2|030100||1,00000|UN|1702,19||0|000|1152||1702,19|17,00|289,37|0||0||||||||||||||||||||
|C170|3|040183||1,00000|UN|550,00||0|000|1152||550,00|17,00|93,50|0||0||||||||||||||||||||
|C170|4|030543||1,00000|UN|408,26||0|000|1152||408,26|17,00|69,40|0||0||||||||||||||||||||
|C170|5|030450||1,00000|UN|566,30||0|000|1152||566,30|17,00|96,27|0||0||||||||||||||||||||
|C170|6|030143||1,00000|UN|1102,99||0|000|1152||1102,99|17,00|187,51|0||0||||||||||||||||||||
|C170|7|040413||1,00000|UN|258,79||0|000|1152||258,79|17,00|43,99|0||0||||||||||||||||||||
|C170|8|040530||1,00000|UN|563,53||0|000|1152||563,53|17,00|95,80|0||0||||||||||||||||||||
|C170|9|040470||1,00000|UN|240,03||0|000|1152||240,03|17,00|40,81|0||0||||||||||||||||||||
|C190|000|1152|17,00|6957,86|6957,86|1182,84|0|0|0|0||
|C100|0|1|800008026|01|00|1|0009299||29122011|29122011|1821,88|0|||1821,88|9||||1821,88|309,72||||||||
|C170|1|030630||1,00000|UN|994,42||0|000|1152||994,42|17,00|169,05|0||0||||||||||||||||||||
|C170|2|050920||1,00000|UN|574,37||0|000|1152||574,37|17,00|97,64|0||0||||||||||||||||||||
|C170|3|100210||1,00000|UN|232,48||0|000|1152||232,48|17,00|39,52|0||0||||||||||||||||||||
|C170|4|903150||1,00000|UN|20,61||0|000|1152||20,61|17,00|3,50|0||0||||||||||||||||||||
|C190|000|1152|17,00|1821,88|1821,88|309,72|0|0|0|0||
|C100|0|1|800008026|01|00|1|0009303||30122011|30122011|346,32|0|||346,32|9||||346,32|58,87||||||||
|C170|1|100160||1,00000|UN|285,50||0|000|1152||285,50|17,00|48,53|0||0||||||||||||||||||||
|C170|2|660090||1,00000|UN|60,82||0|000|1152||60,82|17,00|10,34|0||0||||||||||||||||||||
|C190|000|1152|17,00|346,32|346,32|58,87|0|0|0|0||
|C100|0|1|800008026|01|00|1|0009304||30122011|30122011|191,12|0|||191,12|9||||191,12|32,49||||||||
|C170|1|200360||1,00000|UN|132,00||0|000|1152||132,00|17,00|22,44|0||0||||||||||||||||||||
|C170|2|290080||1,00000|UN|59,12||0|000|1152||59,12|17,00|10,05|0||0||||||||||||||||||||
|C190|000|1152|17,00|191,12|191,12|32,49|0|0|0|0||
|C100|0|1|800008026|01|00|1|0009306||30122011|30122011|1565,77|0|||1565,77|9||||1565,77|266,18||||||||
|C170|1|030030||1,00000|UN|1565,77||0|000|1152||1565,77|17,00|266,18|0||0||||||||||||||||||||
|C190|000|1152|17,00|1565,77|1565,77|266,18|0|0|0|0||
|C100|0|1|800008026|01|00|1|0009307||31122011|31122011|58,00|0|||58,00|9||||58,00|9,86||||||||
|C170|1|501240||1,00000|UN|58,00||0|000|1152||58,00|17,00|9,86|0||0||||||||||||||||||||
|C190|000|1152|17,00|58,00|58,00|9,86|0|0|0|0||
|C100|1|0|800007275|01|00|U|0070093||26122011|26122011|399,00|0|||399,00|9||||0|0||||||||
|C170|1|031093||1,00000|UN|399,00||0|041|5949|||||0||0|||||||99||||||99|||||||
|C190|041|5949||399,00|0|0|0|0|0|0||
|C100|1|0|800007276|01|00|U|0069990||12122011|12122011|469,00|0|||469,00|9||||0|0||||||||
|C170|1|250520||1,00000|UN|469,00||0|041|5949|||||0||0|||||||99||||||99|||||||
|C190|041|5949||469,00|0|0|0|0|0|0||
|C100|1|0|800007277|01|00|U|0069989||10122011|10122011|500,00|0|||500,00|9||||0|0||||||||
|C170|1|180770||1,00000|UN|500,00||0|041|5949|||||0||0|||||||99||||||99|||||||
|C190|041|5949||500,00|0|0|0|0|0|0||
|C100|1|0|800007278|01|00|U|0070118||28122011|28122011|419,00|0|||419,00|9||||0|0||||||||
|C170|1|040360||1,00000|UN|419,00||0|041|5949|||||0||0|||||||99||||||99|||||||
|C190|041|5949||419,00|0|0|0|0|0|0||
|C100|1|0|800007267|01|00|U|0070098||26122011|26122011|999,00|0|||999,00|9||||0|0||||||||
|C170|1|040393||1,00000|UN|999,00||0|041|5949|||||0||0|||||||99||||||99|||||||
|C190|041|5949||999,00|0|0|0|0|0|0||
|C100|1|0|800007267|01|00|U|0070099||26122011|26122011|379,00|0|||379,00|9||||0|0||||||||
|C170|1|180203||1,00000|UN|379,00||0|041|5949|||||0||0|||||||99||||||99|||||||
|C190|041|5949||379,00|0|0|0|0|0|0||
|C100|1|0|800008074|01|00|U|0070044||17122011|17122011|849,00|0|||849,00|9||||0|0||||||||
|C170|1|040430||1,00000|UN|320,00||0|041|5949|||||0||0|||||||99||||||99|||||||
|C170|2|950490||1,00000|UN|529,00||0|041|5949|||||0||0|||||||99||||||99|||||||
|C190|041|5949||849,00|0|0|0|0|0|0||
|C100|1|0|800007259|01|00|U|0070047||17122011|17122011|1136,00|0|||1136,00|9||||0|0||||||||
|C170|1|070420||4,00000|UN|1136,00||0|041|5949|||||0||0|||||||99||||||99|||||||
|C190|041|5949||1136,00|0|0|0|0|0|0||
|C100|1|0|800007259|01|00|U|0070078||22122011|22122011|568,00|0|||568,00|9||||0|0||||||||
|C170|1|070420||2,00000|UN|568,00||0|041|5949|||||0||0|||||||99||||||99|||||||
|C190|041|5949||568,00|0|0|0|0|0|0||
|C100|1|0|800007260|01|00|U|0070007||13122011|13122011|399,00|0|||399,00|9||||0|0||||||||
|C170|1|100200||1,00000|UN|399,00||0|041|5949|||||0||0|||||||99||||||99|||||||
|C190|041|5949||399,00|0|0|0|0|0|0||
|C100|1|0|800007279|01|00|U|0070127||29122011|29122011|1320,00|0|||1320,00|9||||0|0||||||||
|C170|1|030393||1,00000|UN|1320,00||0|041|5949|||||0||0|||||||99||||||99|||||||
|C190|041|5949||1320,00|0|0|0|0|0|0||
|C100|1|0|800008076|01|00|U|0070119||28122011|28122011|1399,00|0|||1399,00|9||||0|0||||||||
|C170|1|180470||1,00000|UN|1399,00||0|041|6949|||||0||0|||||||99||||||99|||||||
|C190|041|6949||1399,00|0|0|0|0|0|0||
|C100|1|0|800007281|01|00|U|0069968||07122011|07122011|265,00|0|||265,00|9||||0|0||||||||
|C170|1|060360||1,00000|UN|265,00||0|041|5949|||||0||0|||||||99||||||99|||||||
|C190|041|5949||265,00|0|0|0|0|0|0||
|C100|1|0|800007282|01|00|U|0070051||19122011|19122011|1411,00|0|||1411,00|9||||0|0||||||||
|C170|1|030143||1,00000|UN|856,00||0|041|5949|||||0||0|||||||99||||||99|||||||
|C170|2|030443||1,00000|UN|555,00||0|041|5949|||||0||0|||||||99||||||99|||||||
|C190|041|5949||1411,00|0|0|0|0|0|0||
|C100|1|0|800008077|01|00|U|0069959||06122011|06122011|3398,00|0|||3398,00|9||||0|0||||||||
|C170|1|030580||1,00000|UN|1699,00||0|041|5949|||||0||0|||||||99||||||99|||||||
|C170|2|030800||1,00000|UN|1699,00||0|041|5949|||||0||0|||||||99||||||99|||||||
|C190|041|5949||3398,00|0|0|0|0|0|0||
|C100|1|0|800007252|01|00|U|0069943||05122011|05122011|555,00|0|||555,00|9||||0|0||||||||
|C170|1|031260||1,00000|UN|555,00||0|041|5949|||||0||0|||||||99||||||99|||||||
|C190|041|5949||555,00|0|0|0|0|0|0||
|C100|1|0|800007284|01|00|U|0070133||31122011|31122011|539,00|0|||539,00|9||||0|0||||||||
|C170|1|180550||1,00000|UN|539,00||0|041|5949|||||0||0|||||||99||||||99|||||||
|C190|041|5949||539,00|0|0|0|0|0|0||
|C100|1|0|800008078|01|00|U|0070069||21122011|21122011|718,00|0|||718,00|9||||0|0||||||||
|C170|1|050683||1,00000|UN|328,00||0|041|5949|||||0||0|||||||99||||||99|||||||
|C170|2|150040||2,00000|UN|53,00||0|041|5949|||||0||0|||||||99||||||99|||||||
|C170|3|220100||1,00000|UN|337,00||0|041|5949|||||0||0|||||||99||||||99|||||||
|C190|041|5949||718,00|0|0|0|0|0|0||
|C100|1|0|800007286|01|00|U|0069963||06122011|06122011|1999,00|0|||1999,00|9||||0|0||||||||
|C170|1|031273||1,00000|UN|1999,00||0|041|5949|||||0||0|||||||99||||||99|||||||
|C190|041|5949||1999,00|0|0|0|0|0|0||
|C100|1|0|800007287|01|00|U|0070073||22122011|22122011|2970,00|0|||2970,00|9||||0|0||||||||
|C170|1|030100||1,00000|UN|2970,00||0|041|5949|||||0||0|||||||99||||||99|||||||
|C190|041|5949||2970,00|0|0|0|0|0|0||
|C100|1|0|800007288|01|00|U|0070109||27122011|27122011|1429,00|0|||1429,00|9||||0|0||||||||
|C170|1|040103||1,00000|UN|1429,00||0|041|5949|||||0||0|||||||99||||||99|||||||
|C190|041|5949||1429,00|0|0|0|0|0|0||
|C100|0|1|2485|01|00|1|0150304||20122011|21122011|12025,00|0|||12025,00|9||||12025,00|2044,25||||||||
|C170|1|270030||5,00000|UN|2800,00||0|000|1102||2800,00|17,00|476,00|0||0||||||||||||||||||||
|C170|2|270040||15,00000|UN|9225,00||0|000|1102||9225,00|17,00|1568,25|0||0||||||||||||||||||||
|C190|000|1102|17,00|12025,00|12025,00|2044,25|0|0|0|0||
|C100|0|1|800008026|01|00|1|0009175||02122011|02122011|153,59|9|||153,59|9||||153,59|26,11||||||||
|C170|1|902171||1,00000|UN|153,59||0|000|1152||153,59|17,00|26,11|0||0||||||||||||||||||||
|C190|000|1152|17,00|153,59|153,59|26,11|0|0|0|0||
|C100|0|1|800008026|01|00|1|0009180||02122011|02122011|64,96|9|||64,96|9||||64,96|11,04||||||||
|C170|1|910783||1,00000|UN|32,07||0|000|1152||32,07|17,00|5,45|0||0||||||||||||||||||||
|C170|2|500090||1,00000|UN|32,89||0|000|1152||32,89|17,00|5,59|0||0||||||||||||||||||||
|C190|000|1152|17,00|64,96|64,96|11,04|0|0|0|0||
|C100|0|1|800008026|01|00|1|0009181||03122011|03122011|909,96|9|||909,96|9||||909,96|154,69||||||||
|C170|1|290220||1,00000|UN|48,59||0|000|1152||48,59|17,00|8,26|0||0||||||||||||||||||||
|C170|2|330050||3,00000|UN|81,87||0|000|1152||81,87|17,00|13,92|0||0||||||||||||||||||||
|C170|3|051070||1,00000|UN|623,52||0|000|1152||623,52|17,00|106,00|0||0||||||||||||||||||||
|C170|4|120120||1,00000|UN|155,98||0|000|1152||155,98|17,00|26,52|0||0||||||||||||||||||||
|C190|000|1152|17,00|909,96|909,96|154,69|0|0|0|0||
|C100|0|1|800008026|01|00|1|0009188||05122011|05122011|68,33|9|||68,33|9||||68,33|11,62||||||||
|C170|1|330090||1,00000|UN|68,33||0|000|1152||68,33|17,00|11,62|0||0||||||||||||||||||||
|C190|000|1152|17,00|68,33|68,33|11,62|0|0|0|0||
|C100|0|1|800008026|01|00|1|0009190||05122011|05122011|44,25|9|||44,25|9||||44,25|7,52||||||||
|C170|1|810571||1,00000|UN|44,25||0|000|1152||44,25|17,00|7,52|0||0||||||||||||||||||||
|C190|000|1152|17,00|44,25|44,25|7,52|0|0|0|0||
|C100|0|1|800008026|01|00|1|0009192||05122011|05122011|134,39|9|||134,39|9||||134,39|22,85||||||||
|C170|1|900750||1,00000|UN|134,39||0|000|1152||134,39|17,00|22,85|0||0||||||||||||||||||||
|C190|000|1152|17,00|134,39|134,39|22,85|0|0|0|0||
|C100|0|1|800008026|01|00|1|0009194||05122011|05122011|128,28|9|||128,28|9||||128,28|21,81||||||||
|C170|1|910781||1,00000|UN|32,07||0|000|1152||32,07|17,00|5,45|0||0||||||||||||||||||||
|C170|2|910783||1,00000|UN|32,07||0|000|1152||32,07|17,00|5,45|0||0||||||||||||||||||||
|C170|3|902511||1,00000|UN|38,22||0|000|1152||38,22|17,00|6,50|0||0||||||||||||||||||||
|C170|4|813160||1,00000|UN|25,92||0|000|1152||25,92|17,00|4,41|0||0||||||||||||||||||||
|C190|000|1152|17,00|128,28|128,28|21,81|0|0|0|0||
|C100|0|1|800008026|01|00|1|0009198||06122011|06122011|447,62|9|||447,62|9||||447,62|76,10||||||||
|C170|1|813472||3,00000|UN|66,75||0|000|1152||66,75|17,00|11,35|0||0||||||||||||||||||||
|C170|2|103110||1,00000|UN|29,00||0|000|1152||29,00|17,00|4,93|0||0||||||||||||||||||||
|C170|3|901130||1,00000|UN|39,98||0|000|1152||39,98|17,00|6,80|0||0||||||||||||||||||||
|C170|4|903490||2,00000|UN|55,72||0|000|1152||55,72|17,00|9,47|0||0||||||||||||||||||||
|C170|5|903530||6,00000|UN|112,38||0|000|1152||112,38|17,00|19,10|0||0||||||||||||||||||||
|C170|6|903520||3,00000|UN|56,19||0|000|1152||56,19|17,00|9,55|0||0||||||||||||||||||||
|C170|7|902600||3,00000|UN|87,60||0|000|1152||87,60|17,00|14,89|0||0||||||||||||||||||||
|C190|000|1152|17,00|447,62|447,62|76,10|0|0|0|0||
|C100|0|1|800008026|01|00|1|0009200||06122011|06122011|29,99|9|||29,99|9||||29,99|5,10||||||||
|C170|1|840432||1,00000|UN|29,99||0|000|1152||29,99|17,00|5,10|0||0||||||||||||||||||||
|C190|000|1152|17,00|29,99|29,99|5,10|0|0|0|0||
|C100|0|1|800008026|01|00|1|0009202||06122011|06122011|235,13|9|||235,13|9||||235,13|39,97||||||||
|C170|1|180273||1,00000|UN|183,92||0|000|1152||183,92|17,00|31,27|0||0||||||||||||||||||||
|C170|2|950300||1,00000|UN|51,21||0|000|1152||51,21|17,00|8,71|0||0||||||||||||||||||||
|C190|000|1152|17,00|235,13|235,13|39,97|0|0|0|0||
|C100|0|1|800008026|01|00|1|0009204||06122011|06122011|43,17|9|||43,17|9||||43,17|7,34||||||||
|C170|1|330240||1,00000|UN|43,17||0|000|1152||43,17|17,00|7,34|0||0||||||||||||||||||||
|C190|000|1152|17,00|43,17|43,17|7,34|0|0|0|0||
|C100|0|1|800008026|01|00|1|0009208||07122011|07122011|54,68|9|||54,68|9||||54,68|9,30||||||||
|C170|1|120020||1,00000|UN|54,68||0|000|1152||54,68|17,00|9,30|0||0||||||||||||||||||||
|C190|000|1152|17,00|54,68|54,68|9,30|0|0|0|0||
|C100|0|1|800008026|01|00|1|0009210||07122011|07122011|65,42|9|||65,42|9||||65,42|11,12||||||||
|C170|1|901410||1,00000|UN|54,23||0|000|1152||54,23|17,00|9,22|0||0||||||||||||||||||||
|C170|2|840230||1,00000|UN|11,19||0|000|1152||11,19|17,00|1,90|0||0||||||||||||||||||||
|C190|000|1152|17,00|65,42|65,42|11,12|0|0|0|0||
|C100|0|1|800008026|01|00|1|0009213||08122011|08122011|248,32|9|||248,32|9||||248,32|42,21||||||||
|C170|1|100200||1,00000|UN|248,32||0|000|1152||248,32|17,00|42,21|0||0||||||||||||||||||||
|C190|000|1152|17,00|248,32|248,32|42,21|0|0|0|0||
|C100|0|1|800008026|01|00|1|0009214||08122011|08122011|1472,40|9|||1472,40|9||||1258,40|213,93||||||||
|C170|1|180750||1,00000|UN|1258,40||0|000|1152||1258,40|17,00|213,93|0||0||||||||||||||||||||
|C170|2|180870||1,00000|UN|214,00||0|041|1152|||||0||0||||||||||||||||||||
|C190|000|1152|17,00|1258,40|1258,40|213,93|0|0|0|0||
|C190|041|1152||214,00|0|0|0|0|0|0||
|C100|0|1|800008026|01|00|1|0009223||09122011|09122011|616,23|9|||616,23|9||||616,23|104,76||||||||
|C170|1|910810||1,00000|UN|247,44||0|000|1152||247,44|17,00|42,06|0||0||||||||||||||||||||
|C170|2|031263||1,00000|UN|300,46||0|000|1152||300,46|17,00|51,08|0||0||||||||||||||||||||
|C170|3|330090||1,00000|UN|68,33||0|000|1152||68,33|17,00|11,62|0||0||||||||||||||||||||
|C190|000|1152|17,00|616,23|616,23|104,76|0|0|0|0||
|C100|0|1|800008026|01|00|1|0009224||10122011|10122011|12,84|9|||12,84|9||||12,84|2,18||||||||
|C170|1|500590||6,00000|UN|12,84||0|000|1152||12,84|17,00|2,18|0||0||||||||||||||||||||
|C190|000|1152|17,00|12,84|12,84|2,18|0|0|0|0||
|C100|0|1|800008026|01|00|1|0009231||12122011|12122011|35,54|9|||35,54|9||||35,54|6,04||||||||
|C170|1|903400||3,00000|UN|18,18||0|000|1152||18,18|17,00|3,09|0||0||||||||||||||||||||
|C170|2|901312||2,00000|UN|17,36||0|000|1152||17,36|17,00|2,95|0||0||||||||||||||||||||
|C190|000|1152|17,00|35,54|35,54|6,04|0|0|0|0||
|C100|0|1|800008026|01|00|1|0009233||13122011|13122011|62,49|9|||62,49|9||||62,49|10,62||||||||
|C170|1|840980||1,00000|UN|33,49||0|000|1152||33,49|17,00|5,69|0||0||||||||||||||||||||
|C170|2|103110||1,00000|UN|29,00||0|000|1152||29,00|17,00|4,93|0||0||||||||||||||||||||
|C190|000|1152|17,00|62,49|62,49|10,62|0|0|0|0||
|C100|0|1|800008026|01|00|1|0009236||13122011|13122011|89,64|9|||89,64|9||||89,64|15,24||||||||
|C170|1|890440||3,00000|UN|89,64||0|000|1152||89,64|17,00|15,24|0||0||||||||||||||||||||
|C190|000|1152|17,00|89,64|89,64|15,24|0|0|0|0||
|C100|0|1|800008026|01|00|1|0009237||13122011|13122011|605,00|9|||605,00|9||||605,00|102,85||||||||
|C170|1|180510||1,00000|UN|605,00||0|000|1152||605,00|17,00|102,85|0||0||||||||||||||||||||
|C190|000|1152|17,00|605,00|605,00|102,85|0|0|0|0||
|C100|0|1|800008026|01|00|1|0009238||13122011|13122011|692,56|9|||692,56|9||||692,56|117,74||||||||
|C170|1|180770||1,00000|UN|692,56||0|000|1152||692,56|17,00|117,74|0||0||||||||||||||||||||
|C190|000|1152|17,00|692,56|692,56|117,74|0|0|0|0||
|C100|0|1|800008026|01|00|1|0009241||13122011|13122011|145,63|9|||145,63|9||||145,63|24,76||||||||
|C170|1|903573||1,00000|UN|145,63||0|000|1152||145,63|17,00|24,76|0||0||||||||||||||||||||
|C190|000|1152|17,00|145,63|145,63|24,76|0|0|0|0||
|C100|0|1|800008026|01|00|1|0009244||14122011|14122011|2077,68|9|||2077,68|9||||2077,68|353,21||||||||
|C170|1|180770||3,00000|UN|2077,68||0|000|1152||2077,68|17,00|353,21|0||0||||||||||||||||||||
|C190|000|1152|17,00|2077,68|2077,68|353,21|0|0|0|0||
|C100|0|1|800008026|01|00|1|0009251||16122011|16122011|155,98|9|||155,98|9||||155,98|26,52||||||||
|C170|1|120120||1,00000|UN|155,98||0|000|1152||155,98|17,00|26,52|0||0||||||||||||||||||||
|C190|000|1152|17,00|155,98|155,98|26,52|0|0|0|0||
|C100|0|1|800008026|01|00|1|0009253||17122011|17122011|85,15|9|||85,15|9||||85,15|14,48||||||||
|C170|1|120070||1,00000|UN|85,15||0|000|1152||85,15|17,00|14,48|0||0||||||||||||||||||||
|C190|000|1152|17,00|85,15|85,15|14,48|0|0|0|0||
|C100|0|1|800008026|01|00|1|0009255||19122011|19122011|18,23|9|||18,23|9||||18,23|3,10||||||||
|C170|1|501570||2,00000|UN|11,84||0|000|1152||11,84|17,00|2,01|0||0||||||||||||||||||||
|C170|2|501300||3,00000|UN|6,39||0|000|1152||6,39|17,00|1,09|0||0||||||||||||||||||||
|C190|000|1152|17,00|18,23|18,23|3,10|0|0|0|0||
|C100|0|1|800008026|01|00|1|0009247||15122011|15122011|2354,53|9|||2354,53|9||||2354,53|400,27||||||||
|C170|1|180770||1,00000|UN|692,56||0|000|1152||692,56|17,00|117,74|0||0||||||||||||||||||||
|C170|2|030303||1,00000|UN|1162,32||0|000|1152||1162,32|17,00|197,59|0||0||||||||||||||||||||
|C170|3|950450||1,00000|UN|452,64||0|000|1152||452,64|17,00|76,95|0||0||||||||||||||||||||
|C170|4|501650||1,00000|UN|21,51||0|000|1152||21,51|17,00|3,66|0||0||||||||||||||||||||
|C170|5|840771||1,00000|UN|25,50||0|000|1152||25,50|17,00|4,33|0||0||||||||||||||||||||
|C190|000|1152|17,00|2354,53|2354,53|400,27|0|0|0|0||
|C100|0|1|800008026|01|00|1|0009249||16122011|16122011|1599,05|9|||1599,05|9||||1599,05|271,84||||||||
|C170|1|520570||2,00000|UN|21,88||0|000|1152||21,88|17,00|3,72|0||0||||||||||||||||||||
|C170|2|520511||1,00000|UN|33,80||0|000|1152||33,80|17,00|5,75|0||0||||||||||||||||||||
|C170|3|030830||1,00000|UN|1543,37||0|000|1152||1543,37|17,00|262,37|0||0||||||||||||||||||||
|C190|000|1152|17,00|1599,05|1599,05|271,84|0|0|0|0||
|C100|0|1|800006986|55|00|1|000697951|42111159105999003959550010006979511047122796|27112011|12122011|24167,48|1|||20729,55|1||||20729,55|1451,07||||||||
|C170|1|030103||10,00000|PC|14159,60||0|000|2102||14159,60|7,00|991,17|0||0||||||||||||||||||||
|C170|2|030353||5,00000|PC|6569,95||0|000|2102||6569,95|7,00|459,90|0||0||||||||||||||||||||
|C190|000|2102|7,00|24167,48|20729,55|1451,07|0|0|0|0||
|C100|0|1|800006986|55|00|1|000697950|42111159105999003959550010006979501822321326|27112011|12122011|2307,59|1|||2006,60|1||||2006,60|140,46||||||||
|C170|1|040123||5,00000|PC|2006,60||0|000|2102||2006,60|7,00|140,46|0||0||||||||2307,59||||||2307,59||||||
|C190|000|2102|7,00|2307,59|2006,60|140,46|0|0|0|0||
|C100|0|1|800008028|55|00|1|000458547|35111159105999000348550010004585471235771243|30112011|06122011|8788,32|1|||7323,60|1||||7323,60|512,65||||||||
|C170|1|040423||20,00000|PC|7323,60||0|000|2102||7323,60|7,00|512,65|0||0||||||||8788,32||||||8788,32||||||
|C190|000|2102|7,00|8788,32|7323,60|512,65|0|0|0|0||
|C100|0|1|800006983|55|00|1|000051699|26111159105999006036550010000516991749862681|30112011|05122011|6354,07|1|||5295,06|1||||5295,06|635,41||||||||
|C170|1|030363||9,00000|PC|5295,06||0|000|2102||5295,06|12,00|635,41|0||0||||||||6354,07||||||6354,07||||||
|C190|000|2102|12,00|6354,07|5295,06|635,41|0|0|0|0||
|C100|0|1|800006983|55|00|1|000051700|26111159105999006036550010000517001508068564|30112011|05122011|5580,45|1|||4650,38|1||||4650,38|558,05||||||||
|C170|1|030363||3,00000|PC|1765,02||0|000|2102||1765,02|12,00|211,80|0||0||||||||2118,02||||||2118,02||||||
|C170|2|030383||4,00000|PC|2885,36||0|000|2102||2885,36|12,00|346,24|0||0||||||||3462,43||||||3462,43||||||
|C190|000|2102|12,00|5580,45|4650,38|558,05|0|0|0|0||
|C100|0|1|800006983|55|00|1|000051701|26111159105999006036550010000517011522041772|30112011|05122011|6924,86|1|||5770,72|1||||5770,72|692,49||||||||
|C170|1|030383||8,00000|PC|5770,72||0|000|2102||5770,72|12,00|692,49|0||0||||||||6924,86||||||6924,86||||||
|C190|000|2102|12,00|6924,86|5770,72|692,49|0|0|0|0||
|C100|0|1|800006985|55|00|1|000554178|35111160736279001250550010005541781978624781|26112011|12122011|9373,07|1|||7721,48|1|429,02|||8150,50|570,53||||||||
|C170|1|250580||5,00000|PEC|4362,25||0|000|2102||4554,95|7,00|318,85|0||0||||||||5238,19||||||5238,19||||||
|C170|2|051323||7,00000|PEC|3359,23||0|000|2102||3595,55|7,00|251,69|0||0||||||||4134,88||||||4134,88||||||
|C190|000|2102|7,00|9373,07|8150,50|570,54|0|0|0|0||
|C100|0|1|800006990|55|00|2|000041677|13111104403408000165550020000416771979914572|29112011|22122011|4833,20|9|||4833,20|9||||4833,20|579,98||||||||
|C170|1|180370||20,00000|UN|4833,20||0|000|2102||4833,20|12,00|579,98|0||0||||||||||||||||||||
|C190|000|2102|12,00|4833,20|4833,20|579,98|0|0|0|0||
|C100|0|1|800006990|55|00|2|000041911|13111204403408000165550020000419111756051980|05122011|22122011|326,28|9|||326,28|9||||326,28|39,15||||||||
|C170|1|180320||12,00000|UN|326,28||0|000|2102||326,28|12,00|39,15|0||0||||||||||||||||||||
|C190|000|2102|12,00|326,28|326,28|39,15|0|0|0|0||
|C100|0|1|800007144|55|00|1|000004892|35111210227217000192550010000048921008711195|12122011|28122011|155,48|9|||138,82|9||||138,82|16,66||||||||
|C170|1|160120||2,00000|UN|138,82||0|000|2102||138,82|12,00|16,66|0||0||||||||||||||||||||
|C190|000|2102|12,00|155,48|138,82|16,66|0|0|0|0||
|C100|0|1|800006990|55|00|2|000041676|13111104403408000165550020000416761979883238|29112011|22122011|28981,15|9|||28981,15|9||||28981,15|3477,74||||||||
|C170|1|180190||15,00000|UN|5442,15||0|000|2102||5442,15|12,00|653,06|0||0||||||||||||||||||||
|C170|2|180203||20,00000|UN|5439,00||0|000|2102||5439,00|12,00|652,68|0||0||||||||||||||||||||
|C170|3|180270||70,00000|UN|11830,00||0|000|2102||11830,00|12,00|1419,60|0||0||||||||||||||||||||
|C170|4|180273||30,00000|UN|6270,00||0|000|2102||6270,00|12,00|752,40|0||0||||||||||||||||||||
|C190|000|2102|12,00|28981,15|28981,15|3477,74|0|0|0|0||
|C100|0|1|800006990|55|00|2|000041675|13111104403408000165550020000416751979851894|29112011|22122011|6534,06|9|||6534,06|9||||6534,06|784,09||||||||
|C170|1|180420||6,00000|UN|3630,42||0|000|2102||3630,42|12,00|435,65|0||0||||||||||||||||||||
|C170|2|180410||6,00000|UN|2903,64||0|000|2102||2903,64|12,00|348,44|0||0||||||||||||||||||||
|C190|000|2102|12,00|6534,06|6534,06|784,09|0|0|0|0||
|C100|0|1|800006990|55|00|2|000041674|13111104403408000165550020000416741979836227|29112011|22122011|53855,60|9|||53855,60|9||||53855,60|6462,67||||||||
|C170|1|180750||15,00000|UN|19965,00||0|000|2102||19965,00|12,00|2395,80|0||0||||||||||||||||||||
|C170|2|180770||20,00000|UN|13918,40||0|000|2102||13918,40|12,00|1670,21|0||0||||||||||||||||||||
|C170|3|180780||20,00000|UN|14524,20||0|000|2102||14524,20|12,00|1742,90|0||0||||||||||||||||||||
|C170|4|180690||3,00000|UN|5448,00||0|000|2102||5448,00|12,00|653,76|0||0||||||||||||||||||||
|C190|000|2102|12,00|53855,60|53855,60|6462,67|0|0|0|0||
|C100|0|1|800006990|55|00|2|000041673|13111104403408000165550020000416731979804883|29112011|22122011|326,28|9|||326,28|9||||326,28|39,15||||||||
|C170|1|180320||12,00000|UN|326,28||0|000|2102||326,28|12,00|39,15|0||0||||||||||||||||||||
|C190|000|2102|12,00|326,28|326,28|39,15|0|0|0|0||
|C100|0|1|800006990|55|00|2|000041671|13111104403408000165550020000416711979757872|29112011|22122011|4648,00|9|||4648,00|9||||4648,00|557,76||||||||
|C170|1|180420||2,00000|UN|968,10||0|000|2102||968,10|12,00|116,17|0||0||||||||||||||||||||
|C170|2|180410||2,00000|UN|774,30||0|000|2102||774,30|12,00|92,92|0||0||||||||||||||||||||
|C170|3|180690||2,00000|UN|2905,60||0|000|2102||2905,60|12,00|348,67|0||0||||||||||||||||||||
|C190|000|2102|12,00|4648,00|4648,00|557,76|0|0|0|0||
|C100|0|1|800006985|55|00|1|000567866|35111260736279001250550010005678661866753014|08122011|21122011|1670,81|9|||1439,67|9||||1439,67|172,76||||||||
|C170|1|250520||3,00000|UN|1439,67||0|000|2102||1439,67|12,00|172,76|0||0||||||||||||||||||||
|C190|000|2102|12,00|1670,81|1439,67|172,76|0|0|0|0||
|C100|0|1|800007077|55|00|2|000039659|35111143854116006484550020000396591004302831|30112011|23122011|15774,10|9|||15774,10|9||||15774,10|1104,19||||||||
|C170|1|200370||30,00000|UN|5384,10||0|000|2102||5384,10|7,00|376,89|0||0||||||||||||||||||||
|C170|2|200400||100,00000|UN|2390,00||0|000|2102||2390,00|7,00|167,30|0||0||||||||||||||||||||
|C170|3|200530||100,00000|UN|8000,00||0|000|2102||8000,00|7,00|560,00|0||0||||||||||||||||||||
|C190|000|2102|7,00|15774,10|15774,10|1104,19|0|0|0|0||
|C100|0|1|800007078|55|00|37|000035924|13111161086336001851550370000359241967900401|29112011|23122011|15774,10|9|||15774,10|9||||0|0||||||||
|C170|1|200370||30,00000|PC|5384,10||0|041|2102|||||0||0||||||||||||||||||||
|C170|2|200390||10,00000|PC|2390,00||0|041|2102|||||0||0||||||||||||||||||||
|C170|3|200530||100,00000|PC|8000,00||0|041|2102|||||0||0||||||||||||||||||||
|C190|041|2102||15774,10|0|0|0|0|0|0||
|C100|0|1|800006990|55|00|2|000041871|13111204403408000165550020000418711398061210|05122011|23122011|13618,65|9|||13618,65|9||||13618,65|1634,24||||||||
|C170|1|180760||15,00000|UN|13618,65||0|000|2102||13618,65|12,00|1634,24|0||0||||||||||||||||||||
|C190|000|2102|12,00|13618,65|13618,65|1634,24|0|0|0|0||
|C100|0|1|800006990|55|00|2|000042072|13111204403408000165550020000420721516824276|07122011|23122011|15435,00|9|||15435,00|9||||15435,00|1852,20||||||||
|C170|1|180790||15,00000|PEC|15435,00||0|000|2102||15435,00|12,00|1852,20|0||0||||||||||||||||||||
|C190|000|2102|12,00|15435,00|15435,00|1852,20|0|0|0|0||
|C100|0|1|800006992|55|00|1|000099892|35111104403408000912550010000998921943028011|29112011|12122011|4250,17|9|||3863,79|9||||3863,79|270,47||||||||
|C170|1|180280||15,00000|UN|695,55||0|000|2102||695,55|7,00|48,69|0||0||||||||||||||||||||
|C170|2|180290||30,00000|UN|1860,00||0|000|2102||1860,00|7,00|130,20|0||0||||||||||||||||||||
|C170|3|180590||9,00000|UN|1308,24||0|000|2102||1308,24|7,00|91,58|0||0||||||||||||||||||||
|C190|000|2102|7,00|4250,17|3863,79|270,47|0|0|0|0||
|C100|0|1|800006990|55|00|2|000041857|13111204403408000165550020000418571362647615|05122011|12122011|3795,00|9|||3795,00|9||||3795,00|455,40||||||||
|C170|1|180870||10,00000|UN|2530,00||0|000|2102||2530,00|12,00|303,60|0||0||||||||||||||||||||
|C170|2|180870||5,00000|UN|1265,00||0|000|2102||1265,00|12,00|151,80|0||0||||||||||||||||||||
|C190|000|2102|12,00|3795,00|3795,00|455,40|0|0|0|0||
|C100|0|1|800006992|55|00|1|000100086|35111204403408000912550010001000861464315233|02122011|15122011|457,58|9|||381,32|9||||381,32|26,69||||||||
|C170|1|180440||1,00000|UN|381,32||0|000|2102||381,32|7,00|26,69|0||0||||||||||||||||||||
|C190|000|2102|7,00|457,58|381,32|26,69|0|0|0|0||
|C100|0|1|800006992|55|00|1|000099949|35111204403408000912550010000999491107645239|01122011|15122011|571,97|9|||476,64|9||||476,64|33,36||||||||
|C170|1|180440||2,00000|UN|476,64||0|000|2102||476,64|7,00|33,36|0||0||||||||||||||||||||
|C190|000|2102|7,00|571,97|476,64|33,36|0|0|0|0||
|C100|0|1|800006992|55|00|1|000100087|35111204403408000912550010001000871464346578|02122011|15122011|1832,16|9|||1496,26|9||||1496,26|104,74||||||||
|C170|1|180460||2,00000|UN|732,86||0|000|2102||732,86|7,00|51,30|0||0||||||||||||||||||||
|C170|2|180450||2,00000|UN|763,40||0|000|2102||763,40|7,00|53,44|0||0||||||||||||||||||||
|C190|000|2102|7,00|1832,16|1496,26|104,74|0|0|0|0||
|C100|0|1|800006992|55|00|1|000099950|35111204403408000912550010000999501107676577|01122011|15122011|3435,29|9|||2786,40|9||||2786,40|195,05||||||||
|C170|1|180460||4,00000|UN|1832,16||0|000|2102||1832,16|7,00|128,25|0||0||||||||||||||||||||
|C170|2|180450||2,00000|UN|954,24||0|000|2102||954,24|7,00|66,80|0||0||||||||||||||||||||
|C190|000|2102|7,00|3435,29|2786,40|195,05|0|0|0|0||
|C100|0|1|800006992|55|00|1|000100159|35111204403408000912550010001001591220805175|05122011|15122011|1466,28|9|||1173,02|9||||1173,02|82,11||||||||
|C170|1|180470||2,00000|UN|1173,02||0|000|2102||1173,02|7,00|82,11|0||0||||||||||||||||||||
|C190|000|2102|7,00|1466,28|1173,02|82,11|0|0|0|0||
|C100|0|1|800006992|55|00|1|000100160|35111204403408000912550010001001601220820833|05122011|15122011|1466,44|9|||1466,44|9||||1466,44|102,65||||||||
|C170|1|180470||2,00000|UN|1466,44||0|000|2102||1466,44|7,00|102,65|0||0||||||||||||||||||||
|C190|000|2102|7,00|1466,44|1466,44|102,65|0|0|0|0||
|C100|0|1|800006986|55|00|1|000697947|42111159105999003959550010006979471405391610|27112011|12122011|3086,38|9|||2805,80|9||||2805,80|196,41||||||||
|C170|1|031240||20,00000|UN|2805,80||0|000|2102||2805,80|7,00|196,41|0||0||||||||||||||||||||
|C190|000|2102|7,00|3086,38|2805,80|196,41|0|0|0|0||
|C100|0|1|800006986|55|00|1|000697948|42111159105999003959550010006979481260618900|27112011|12122011|2041,14|9|||1774,90|9||||1774,90|124,24||||||||
|C170|1|040430||10,00000|UN|1774,90||0|000|2102||1774,90|7,00|124,24|0||0||||||||||||||||||||
|C190|000|2102|7,00|2041,14|1774,90|124,24|0|0|0|0||
|C100|0|1|800006986|55|00|1|000697949|42111159105999003959550010006979491912272072|27112011|04122011|2555,85|9|||2323,50|9||||2323,50|162,65||||||||
|C170|1|040550||30,00000|UN|2323,50||0|000|2102||2323,50|7,00|162,65|0||0||||||||||||||||||||
|C190|000|2102|7,00|2555,85|2323,50|162,65|0|0|0|0||
|C100|0|1|800006986|55|00|1|000713059|42111259105999003959550010007130591918172955|13122011|21122011|25346,52|9|||24139,55|9||||24139,55|1689,77||||||||
|C170|1|030123||5,00000|UN|8722,25||0|000|2102||8722,25|7,00|610,56|0||0||||||||||||||||||||
|C170|2|030030||5,00000|PC|7360,65||0|000|2102||7360,65|7,00|515,25|0||0||||||||||||||||||||
|C170|3|030100||5,00000|UN|8056,65||0|000|2102||8056,65|7,00|563,97|0||0||||||||||||||||||||
|C190|000|2102|7,00|25346,52|24139,55|1689,77|0|0|0|0||
|C100|0|1|800006986|55|00|1|000713060|42111259105999003959550010007130601957514870|13122011|13122011|1851,83|9|||1683,48|9||||1683,48|117,84||||||||
|C170|1|031290||12,00000|UN|1683,48||0|000|2102||1683,48|7,00|117,84|0||0||||||||||||||||||||
|C190|000|2102|7,00|1851,83|1683,48|117,84|0|0|0|0||
|C100|0|1|800006986|55|00|1|000713061|42111259105999003959550010007130611708280237|13122011|21122011|4736,29|9|||4510,75|9||||4510,75|315,75||||||||
|C170|1|030940||5,00000|UN|4510,75||0|000|2102||4510,75|7,00|315,75|0||0||||||||||||||||||||
|C190|000|2102|7,00|4736,29|4510,75|315,75|0|0|0|0||
|C100|0|1|800006986|55|00|1|000713062|42111259105999003959550010007130621967661242|13122011|21122011|1234,55|9|||1122,32|9||||1122,32|78,56||||||||
|C170|1|031290||8,00000|UN|1122,32||0|000|2102||1122,32|7,00|78,56|0||0||||||||||||||||||||
|C190|000|2102|7,00|1234,55|1122,32|78,56|0|0|0|0||
|C100|0|1|800006986|55|00|1|000713063|42111259105999003959550010007130631569232225|13122011|21122011|5020,60|9|||5020,60|9||||5020,60|351,44||||||||
|C170|1|040360||20,00000|UN|5020,60||0|000|2102||5020,60|7,00|351,44|0||0||||||||||||||||||||
|C190|000|2102|7,00|5020,60|5020,60|351,44|0|0|0|0||
|C100|0|1|800006986|55|00|1|000713064|42111259105999003959550010007130641897877513|13122011|21122011|2510,30|9|||2510,30|9||||2510,30|175,72||||||||
|C170|1|040360||10,00000|UN|2510,30||0|000|2102||2510,30|7,00|175,72|0||0||||||||||||||||||||
|C190|000|2102|7,00|2510,30|2510,30|175,72|0|0|0|0||
|C100|0|1|800006986|55|00|1|000713065|42111259105999003959550010007130651053982985|13122011|21122011|4637,05|9|||4416,24|9||||4416,24|309,14||||||||
|C170|1|030113||3,00000|UN|4416,24||0|000|2102||4416,24|7,00|309,14|0||0||||||||||||||||||||
|C190|000|2102|7,00|4637,05|4416,24|309,14|0|0|0|0||
|C100|0|1|800008028|55|00|1|000458216|35111159105999000348550010004582161582562950|30112011|21122011|7747,17|9|||7449,20|9||||7449,20|521,44||||||||
|C170|1|031020||8,00000|UN|7449,20||0|000|2102||7449,20|7,00|521,44|0||0||||||||||||||||||||
|C190|000|2102|7,00|7747,17|7449,20|521,44|0|0|0|0||
|C100|0|1|800006991|55|00|1|000156532|13111263699839000180550010001565321284131728|08122011|23122011|5386,65|9|||5245,90|9|140,75|||5386,65|377,07||||||||
|C170|1|040340||5,00000|UN|5245,90||0|000|2102||5386,65|7,00|377,07|0||0||||||||||||||||||||
|C190|000|2102|7,00|5386,65|5386,65|377,07|0|0|0|0||
|C100|0|1|800006991|55|00|1|000154256|13111163699839000180550010001542561779947687|25112011|23122011|8374,65|9|||8083,90|9|290,75|||8374,65|1004,96||||||||
|C170|1|040540||5,00000|UN|2211,10||0|000|2102||2211,10|12,00|265,33|0||0||||||||||||||||||||
|C170|2|040540||5,00000|UN|3248,40||0|000|2102||3539,15|12,00|424,70|0||0||||||||||||||||||||
|C170|3|031093||10,00000|UN|2624,40||0|000|2102||2624,40|12,00|314,93|0||0||||||||||||||||||||
|C190|000|2102|12,00|8374,65|8374,65|1004,96|0|0|0|0||
|C100|0|1|800006983|55|00|1|000053855|26111259105999006036550010000538551981961820|21122011|29122011|9437,36|9|||8579,42|9||||8579,42|1029,53||||||||
|C170|1|030363||6,00000|UN|3530,04||0|000|2102||3530,04|12,00|423,60|0||0||||||||||||||||||||
|C170|2|030333||7,00000|UN|5049,38||0|000|2102||5049,38|12,00|605,93|0||0||||||||||||||||||||
|C190|000|2102|12,00|9437,36|8579,42|1029,53|0|0|0|0||
|C100|0|1|800006983|55|00|1|000053856|26111259105999006036550010000538561012168580|21122011|29122011|727,05|9|||692,43|9||||692,43|83,09||||||||
|C170|1|040213||1,00000|UN|692,43||0|000|2102||692,43|12,00|83,09|0||0||||||||||||||||||||
|C190|000|2102|12,00|727,05|692,43|83,09|0|0|0|0||
|C100|0|1|800006983|55|00|1|000053848|26111259105999006036550010000538481405111868|20122011|26122011|2908,21|9|||2769,72|9||||2769,72|332,37||||||||
|C170|1|040213||4,00000|UN|2769,72||0|000|2102||2769,72|12,00|332,37|0||0||||||||||||||||||||
|C190|000|2102|12,00|2908,21|2769,72|332,37|0|0|0|0||
|C100|0|1|800006983|55|00|1|000053849|26111259105999006036550010000538491433009034|20122011|26122011|7934,74|9|||7213,40|9||||7213,40|865,61||||||||
|C170|1|030383||10,00000|PC|7213,40||0|000|2102||7213,40|12,00|865,61|0||0||||||||||||||||||||
|C190|000|2102|12,00|7934,74|7213,40|865,61|0|0|0|0||
|C100|0|1|800006983|55|00|1|000053850|26111259105999006036550010000538501940826395|20122011|26122011|1294,37|9|||1176,70|9||||1176,70|141,20||||||||
|C170|1|030363||2,00000|UN|1176,70||0|000|2102||1176,70|12,00|141,20|0||0||||||||||||||||||||
|C190|000|2102|12,00|1294,37|1176,70|141,20|0|0|0|0||
|C100|0|1|800006983|55|00|1|000053851|26111259105999006036550010000538511557151310|20122011|26122011|793,46|9|||721,33|9||||721,33|86,56||||||||
|C170|1|030383||1,00000|PC|721,33||0|000|2102||721,33|12,00|86,56|0||0||||||||||||||||||||
|C190|000|2102|12,00|793,46|721,33|86,56|0|0|0|0||
|C100|0|1|800006986|55|00|1|000715389|42111259105999003959550010007153891403283255|15122011|29122011|3482,83|9|||2679,10|9||||2679,10|187,54||||||||
|C170|1|031260||10,00000|UN|2679,10||0|000|2102||2679,10|7,00|187,54|0||0||||||||||||||||||||
|C190|000|2102|7,00|3482,83|2679,10|187,54|0|0|0|0||
|C100|0|1|800006986|55|00|1|000715390|42111259105999003959550010007153901366246836|15122011|29122011|6687,24|9|||5572,70|9||||5572,70|390,09||||||||
|C170|1|030473||10,00000|UN|1789,90||0|000|2102||1789,90|7,00|125,29|0||0||||||||||||||||||||
|C170|2|030473||10,00000|UN|3782,80||0|000|2102||3782,80|7,00|264,80|0||0||||||||||||||||||||
|C190|000|2102|7,00|6687,24|5572,70|390,09|0|0|0|0||
|C100|0|1|800006986|55|00|1|000715391|42111259105999003959550010007153911777794362|15122011|29122011|7866,48|9|||6555,40|9||||6555,40|458,88||||||||
|C170|1|030483||10,00000|UN|2120,90||0|000|2102||2120,90|7,00|148,46|0||0||||||||||||||||||||
|C170|2|030483||10,00000|UN|4434,50||0|000|2102||4434,50|7,00|310,42|0||0||||||||||||||||||||
|C190|000|2102|7,00|7866,48|6555,40|458,88|0|0|0|0||
|C100|0|1|800007269|55|00|1|000004087|35111253528865000191550010000040871010100002|14122011|28122011|3776,12|9|||3776,12|9||||3776,12|149,16||||||||
|C170|1|710010||20,00000|UN|936,00||0|000|2102||936,00|3,95|36,97|0||0||||||||||||||||||||
|C170|2|710020||12,00000|UN|634,92||0|000|2102||634,92|3,95|25,08|0||0||||||||||||||||||||
|C170|3|710040||6,00000|UN|763,20||0|000|2102||763,20|3,95|30,15|0||0||||||||||||||||||||
|C170|4|710060||12,00000|UN|161,16||0|000|2102||161,16|3,95|6,37|0||0||||||||||||||||||||
|C170|5|710070||12,00000|UN|103,80||0|000|2102||103,80|3,95|4,10|0||0||||||||||||||||||||
|C170|6|710140||8,00000|UN|140,00||0|000|2102||140,00|3,95|5,53|0||0||||||||||||||||||||
|C170|7|710190||12,00000|UN|109,92||0|000|2102||109,92|3,95|4,34|0||0||||||||||||||||||||
|C170|8|710210||12,00000|UN|85,44||0|000|2102||85,44|3,95|3,37|0||0||||||||||||||||||||
|C170|9|710170||6,00000|UN|128,22||0|000|2102||128,22|3,95|5,06|0||0||||||||||||||||||||
|C170|10|710290||12,00000|UN|122,04||0|000|2102||122,04|3,95|4,82|0||0||||||||||||||||||||
|C170|11|710330||24,00000|UN|112,32||0|000|2102||112,32|3,95|4,44|0||0||||||||||||||||||||
|C170|12|710390||6,00000|UN|82,02||0|000|2102||82,02|3,95|3,24|0||0||||||||||||||||||||
|C170|13|710360||12,00000|UN|131,88||0|000|2102||131,88|3,95|5,21|0||0||||||||||||||||||||
|C170|14|710370||4,00000|UN|158,76||0|000|2102||158,76|3,95|6,27|0||0||||||||||||||||||||
|C170|15|710380||6,00000|UN|106,44||0|000|2102||106,44|3,95|4,20|0||0||||||||||||||||||||
|C190|000|2102|3,95|3776,12|3776,12|149,16|0|0|0|0||
|C100|0|1|800007075|55|00|7|000071290|31111261086336014406550070000712901476902059|11122011|28122011|3312,58|9|||3011,44|9||||3011,44|210,80||||||||
|C170|1|330050||80,00000|UN|2041,60||0|000|2102||2041,60|7,00|142,91|0||0||||||||||||||||||||
|C170|2|330140||24,00000|UN|969,84||0|000|2102||969,84|7,00|67,89|0||0||||||||||||||||||||
|C190|000|2102|7,00|3312,58|3011,44|210,80|0|0|0|0||
|C100|0|1|800007075|55|00|7|000070080|31111261086336014406550070000700801177810070|07122011|20122011|5580,00|9|||5072,73|9||||5072,73|355,09||||||||
|C170|1|330090||16,00000|UN|841,44||0|000|2102||841,44|7,00|58,90|0||0||||||||||||||||||||
|C170|2|330090||14,00000|UN|736,26||0|000|2102||736,26|7,00|51,54|0||0||||||||||||||||||||
|C170|3|330060||51,00000|UN|3495,03||0|000|2102||3495,03|7,00|244,65|0||0||||||||||||||||||||
|C190|000|2102|7,00|5580,00|5072,73|355,09|0|0|0|0||
|C100|0|1|800007075|55|00|7|000070078|31111261086336014406550070000700781855859178|07122011|20122011|4403,65|9|||4003,32|9||||4003,32|280,23||||||||
|C170|1|330150||12,00000|UN|2543,52||0|000|2102||2543,52|7,00|178,05|0||0||||||||||||||||||||
|C170|2|330130||12,00000|UN|1459,80||0|000|2102||1459,80|7,00|102,19|0||0||||||||||||||||||||
|C190|000|2102|7,00|4403,65|4003,32|280,23|0|0|0|0||
|C100|0|1|800007144|55|00|1|000004846|35111210227217000192550010000048461001262112|07122011|20122011|8502,48|9|||7652,28|9||||7652,28|535,66||||||||
|C170|1|160110||8,00000|UN|1158,00||0|000|2102||1158,00|7,00|81,06|0||0||||||||||||||||||||
|C170|2|160130||4,00000|UN|987,96||0|000|2102||987,96|7,00|69,16|0||0||||||||||||||||||||
|C170|3|160210||8,00000|UN|1717,60||0|000|2102||1717,60|7,00|120,23|0||0||||||||||||||||||||
|C170|4|160140||4,00000|UN|385,28||0|000|2102||385,28|7,00|26,97|0||0||||||||||||||||||||
|C170|5|160170||12,00000|UN|1308,36||0|000|2102||1308,36|7,00|91,59|0||0||||||||||||||||||||
|C170|6|160150||4,00000|UN|764,84||0|000|2102||764,84|7,00|53,54|0||0||||||||||||||||||||
|C170|7|160200||8,00000|UN|696,88||0|000|2102||696,88|7,00|48,78|0||0||||||||||||||||||||
|C170|8|160220||4,00000|UN|633,36||0|000|2102||633,36|7,00|44,34|0||0||||||||||||||||||||
|C190|000|2102|7,00|8502,48|7652,28|535,66|0|0|0|0||
|C100|0|1|800007041|55|00|1|000138971|29111207666567000140550010001389711001389713|13122011|23122011|925,34|9|||826,20|9||||826,20|99,14||||||||
|C170|1|120190||100,00000|UN|826,20||0|000|2102||826,20|12,00|99,14|0||0||||||||||||||||||||
|C190|000|2102|12,00|925,34|826,20|99,14|0|0|0|0||
|C100|0|1|800007041|55|00|1|000138972|29111207666567000140550010001389721001389729|13122011|23122011|7284,02|9|||6433,20|9||||6433,20|771,98||||||||
|C170|1|120080||50,00000|UN|4150,00||0|000|2102||4150,00|12,00|498,00|0||0||||||||||||||||||||
|C170|2|120170||4,00000|UN|695,60||0|000|2102||695,60|12,00|83,47|0||0||||||||||||||||||||
|C170|3|120020||12,00000|UN|669,60||0|000|2102||669,60|12,00|80,35|0||0||||||||||||||||||||
|C170|4|120150||30,00000|UN|918,00||0|000|2102||918,00|12,00|110,16|0||0||||||||||||||||||||
|C190|000|2102|12,00|7284,02|6433,20|771,98|0|0|0|0||
|C100|0|1|800007041|55|00|1|000138974|29111207666567000140550010001389741001389740|13122011|23122011|4734,30|9|||4200,40|9||||4200,40|504,05||||||||
|C170|1|120220||12,00000|UN|360,00||0|000|2102||360,00|12,00|43,20|0||0||||||||||||||||||||
|C170|2|120110||12,00000|UN|1198,80||0|000|2102||1198,80|12,00|143,86|0||0||||||||||||||||||||
|C170|3|120060||4,00000|UN|470,40||0|000|2102||470,40|12,00|56,45|0||0||||||||||||||||||||
|C170|4|120230||6,00000|UN|931,20||0|000|2102||931,20|12,00|111,74|0||0||||||||||||||||||||
|C170|5|120240||8,00000|UN|464,00||0|000|2102||464,00|12,00|55,68|0||0||||||||||||||||||||
|C170|6|120250||8,00000|UN|488,00||0|000|2102||488,00|12,00|58,56|0||0||||||||||||||||||||
|C170|7|120260||12,00000|UN|288,00||0|000|2102||288,00|12,00|34,56|0||0||||||||||||||||||||
|C190|000|2102|12,00|4734,30|4200,40|504,05|0|0|0|0||
|C100|0|1|800007041|55|00|1|000138976|29111207666567000140550010001389761001389760|13122011|23122011|1323,06|9|||1158,00|9||||1158,00|138,96||||||||
|C170|1|120200||8,00000|UN|288,00||0|000|2102||288,00|12,00|34,56|0||0||||||||||||||||||||
|C170|2|120210||30,00000|UN|870,00||0|000|2102||870,00|12,00|104,40|0||0||||||||||||||||||||
|C190|000|2102|12,00|1323,06|1158,00|138,96|0|0|0|0||
|C100|0|1|800007037|55|00|1|000107786|31111220520367000224550010001077861000161382|01122011|20122011|1218,80|9|||1218,80|9||||1218,80|85,32||||||||
|C170|1|290053||10,00000|UN|1218,80||0|000|2102||1218,80|7,00|85,32|0||0||||||||||||||||||||
|C190|000|2102|7,00|1218,80|1218,80|85,32|0|0|0|0||
|C100|0|1|800007037|55|00|1|000108203|31111220520367000224550010001082031000165544|03122011|20122011|2209,80|9|||2209,80|9||||2209,80|154,69||||||||
|C170|1|290033||20,00000|UN|2209,80||0|000|2102||2209,80|7,00|154,69|0||0||||||||||||||||||||
|C190|000|2102|7,00|2209,80|2209,80|154,69|0|0|0|0||
|C100|0|1|800007173|55|00|1|000004656|43111205991206000144550010000046561110443110|05122011|20122011|3080,07|9|||2933,40|9||||2933,40|205,34||||||||
|C170|1|180920||30,00000|UN|999,60||0|000|2102||999,60|7,00|69,97|0||0||||||||||||||||||||
|C170|2|180930||10,00000|UN|809,20||0|000|2102||809,20|7,00|56,64|0||0||||||||||||||||||||
|C170|3|180940||10,00000|UN|1124,60||0|000|2102||1124,60|7,00|78,72|0||0||||||||||||||||||||
|C190|000|2102|7,00|3080,07|2933,40|205,34|0|0|0|0||
|C100|0|1|800008075|55|00|3|000002532|33111202093397000481550030000025321814139623|02122011|15122011|2108,75|9|||1687,00|9||||1687,00|118,09||||||||
|C170|1|090310||20,00000|UN|1687,00||0|000|2102||1687,00|7,00|118,09|0||0||||||||||||||||||||
|C190|000|2102|7,00|2108,75|1687,00|118,09|0|0|0|0||
|C100|0|1|800007237|55|00|3|000016664|29111202093397000562550030000166641269294035|02122011|15122011|8565,29|9|||7660,62|9||||7660,62|919,27||||||||
|C170|1|090360||12,00000|UN|299,16||0|000|2102||299,16|12,00|35,90|0||0||||||||||||||||||||
|C170|2|090370||30,00000|UN|3201,90||0|000|2102||3201,90|12,00|384,23|0||0||||||||||||||||||||
|C170|3|090380||16,00000|UN|446,24||0|000|2102||446,24|12,00|53,55|0||0||||||||||||||||||||
|C170|4|090390||8,00000|UN|452,80||0|000|2102||452,80|12,00|54,34|0||0||||||||||||||||||||
|C170|5|090400||12,00000|UN|282,72||0|000|2102||282,72|12,00|33,93|0||0||||||||||||||||||||
|C170|6|090410||10,00000|UN|1800,00||0|000|2102||1800,00|12,00|216,00|0||0||||||||||||||||||||
|C170|7|090420||12,00000|UN|900,00||0|000|2102||900,00|12,00|108,00|0||0||||||||||||||||||||
|C170|8|090430||12,00000|UN|277,80||0|000|2102||277,80|12,00|33,34|0||0||||||||||||||||||||
|C190|000|2102|12,00|8565,29|7660,62|919,27|0|0|0|0||
|C100|0|1|800006996|55|00|1|000015780|35111102169801000100550010000157801394788641|25112011|20122011|1176,70|9|||1031,36|9||||1031,36|72,20||||||||
|C170|1|521161||4,00000|UN|133,76||0|000|2102||133,76|7,00|9,36|0||0||||||||||||||||||||
|C170|2|521171||4,00000|UN|366,08||0|000|2102||366,08|7,00|25,63|0||0||||||||||||||||||||
|C170|3|521172||2,00000|UN|183,04||0|000|2102||183,04|7,00|12,81|0||0||||||||||||||||||||
|C170|4|521173||2,00000|UN|348,48||0|000|2102||348,48|7,00|24,39|0||0||||||||||||||||||||
|C190|000|2102|7,00|1176,70|1031,36|72,20|0|0|0|0||
|C100|0|1|800007035|55|00|1|000084310|29111215205628000109550010000843101000843104|12122011|21122011|1389,21|9|||1389,21|9||||1389,21|166,71||||||||
|C170|1|890501||3,00000|UN|614,82||0|000|2102||614,82|12,00|73,78|0||0||||||||||||||||||||
|C170|2|890500||3,00000|UN|774,39||0|000|2102||774,39|12,00|92,93|0||0||||||||||||||||||||
|C190|000|2102|12,00|1389,21|1389,21|166,71|0|0|0|0||
|C100|0|1|800007043|55|00|1|000063038|43111187834883000113550010000630381000630382|30112011|20122011|1339,10|9|||1217,36|9||||1217,36|85,22||||||||
|C170|1|890390||2,00000|UN|1217,36||0|000|2102||1217,36|7,00|85,22|0||0||||||||||||||||||||
|C190|000|2102|7,00|1339,10|1217,36|85,22|0|0|0|0||
|C100|0|1|800007035|55|00|1|000082197|29111115205628000109550010000821971000821974|28112011|07122011|6589,70|9|||6589,70|9||||6589,70|790,76||||||||
|C170|1|890520||1,00000|UN|395,04||0|000|2102||395,04|12,00|47,40|0||0||||||||||||||||||||
|C170|2|890530||4,00000|UN|1207,84||0|000|2102||1207,84|12,00|144,94|0||0||||||||||||||||||||
|C170|3|890610||4,00000|UN|1937,32||0|000|2102||1937,32|12,00|232,48|0||0||||||||||||||||||||
|C170|4|890630||3,00000|UN|967,95||0|000|2102||967,95|12,00|116,15|0||0||||||||||||||||||||
|C170|5|890450||1,00000|UN|261,82||0|000|2102||261,82|12,00|31,42|0||0||||||||||||||||||||
|C170|6|890370||6,00000|UN|1549,26||0|000|2102||1549,26|12,00|185,91|0||0||||||||||||||||||||
|C170|7|890422||1,00000|UN|270,47||0|000|2102||270,47|12,00|32,46|0||0||||||||||||||||||||
|C190|000|2102|12,00|6589,70|6589,70|790,76|0|0|0|0||
|C100|0|1|800007043|55|00|1|000064017|43111287834883000113550010000640171000640173|12122011|30122011|3882,16|1|||3529,25|1||||3529,25|247,05||||||||
|C170|1|890210||2,00000|UN|836,04||0|000|2102||836,04|7,00|58,52|0||0||||||||||||||||||||
|C170|2|890650||2,00000|UN|687,92||0|000|2102||687,92|7,00|48,15|0||0||||||||||||||||||||
|C170|3|890380||3,00000|UN|923,43||0|000|2102||923,43|7,00|64,64|0||0||||||||||||||||||||
|C170|4|890371||1,00000|UN|486,34||0|000|2102||486,34|7,00|34,04|0||0||||||||||||||||||||
|C170|5|890360||2,00000|UN|595,52||0|000|2102||595,52|7,00|41,69|0||0||||||||||||||||||||
|C190|000|2102|7,00|3882,16|3529,25|247,05|0|0|0|0||
|C100|0|1|800007042|55|00|2|000234221|42111282984287000104550020002342211006130533|15122011|28122011|20263,49|1|||17874,62|1||||17874,62|1251,22||||||||
|C170|1|9982||5,00000|UN|1433,50||0|000|2102||1433,50|7,00|100,34|0||0||||||||1605,52||||||1605,52||||||
|C170|2|4513||28,00000|UN|1760,92||0|000|2102||1760,92|7,00|123,26|0||0||||||||1972,23||||||1972,23||||||
|C170|3|950450||5,00000|UN|1788,00||0|000|2102||1788,00|7,00|125,16|0||0||||||||2324,40||||||2324,40||||||
|C170|4|4720||4,00000|UN|867,20||0|000|2102||867,20|7,00|60,70|0||0||||||||901,89||||||901,89||||||
|C170|5|950390||5,00000|UN|1905,00||0|000|2102||1905,00|7,00|133,35|0||0||||||||1905,00||||||1905,00||||||
|C170|6|950460||5,00000|UN|2415,00||0|000|2102||2415,00|7,00|169,05|0||0||||||||2777,25||||||2777,25||||||
|C170|7|950330||5,00000|UN|4920,00||0|000|2102||4920,00|7,00|344,40|0||0||||||||5658,00||||||5658,00||||||
|C170|8|950440||5,00000|UN|2785,00||0|000|2102||2785,00|7,00|194,95|0||0||||||||3119,20||||||3119,20||||||
|C190|000|2102|7,00|20263,49|17874,62|1251,22|0|0|0|0||
|C100|0|1|800007159|55|00|302|000000527|33111210302464000106553020000005271000005279|06122011|16122011|1005,00|0|294,00||1299,00|1||||0|0||||||||
|C170|1|103110||49,00000|KT|1274,00|294,00|0|000|2102|||||0||0||||||||980,00||||||980,00||||||
|C170|2|103120||5,00000|UN|25,00||0|000|2102|||||0||0||||||||25,00||||||25,00||||||
|C190|000|2102||1005,00|0|0|0|0|0|0||
|C100|0|1|2485|55|00|0|000150304|23111224073694000589550000001503041342356513|20122011|21122011|12025,00|0|||12025,00|1||||12025,00|2044,25||||||||
|C170|1|270040||15,00000|UN|9225,00||0|000|1915||9225,00|17,00|1568,25|0||0||||||||||||||||||||
|C170|2|270030||5,00000|UN|2800,00||0|000|1915||2800,00|17,00|476,00|0||0||||||||||||||||||||
|C190|000|1915|17,00|12025,00|12025,00|2044,25|0|0|0|0||
|C100|0|1|7777|55|00|0|000141140|23111263401665000127550000001411401380325809|17122011|19122011|1893,40|9|||1893,40|1||||0|0||||||||
|C170|1|690300||12,00000|UN|114,00||0|000|1915|||||0||0||||||||||||||||||||
|C170|2|690310||16,00000|UN|248,00||0|000|1915|||||0||0||||||||||||||||||||
|C170|3|690311||16,00000|UN|248,00||0|000|1915|||||0||0||||||||||||||||||||
|C170|4|625246||12,00000|UN|61,80||0|000|1915|||||0||0||||||||||||||||||||
|C170|5|690312||24,00000|UN|170,40||0|000|1915|||||0||0||||||||||||||||||||
|C170|6|690312||48,00000|UN|340,80||0|000|1915|||||0||0||||||||||||||||||||
|C170|7|690300||36,00000|UN|342,00||0|000|1915|||||0||0||||||||||||||||||||
|C170|8|690313||24,00000|UN|159,60||0|000|1915|||||0||0||||||||||||||||||||
|C170|9|690330||72,00000|UN|208,80||0|000|1915|||||0||0||||||||||||||||||||
|C190|000|1915||1893,40|0|0|0|0|0|0||
|C100|0|1|800007289|55|00|20|000156467|41111176487032004031550200001564671180929285|28112011|07122011|5895,47|1|||4912,89|1||||4912,89|343,90||||||||
|C170|1|220203||6,00000|PC|4912,89||0|000|2102||4912,89|7,00|343,90|0||0||||||||5895,47||||||5895,47||||||
|C190|000|2102|7,00|5895,47|4912,89|343,90|0|0|0|0||
|C100|0|1|800007037|55|00|1|000106893|31111120520367000224550010001068931000152440|25112011|12122011|11447,13|1|||10165,66|1||||10165,66|711,60||||||||
|C170|1|290060||20,00000|UN|2600,00||0|000|2102||2600,00|7,00|182,00|0||0||||||||2912,00||||||2912,00||||||
|C170|2|290083||10,00000|UN|540,00||0|000|2102||540,00|7,00|37,80|0||0||||||||604,80||||||604,80||||||
|C170|3|290080||10,00000|UN|540,00||0|000|2102||540,00|7,00|37,80|0||0||||||||604,80||||||604,80||||||
|C170|4|290200||18,00000|UN|981,54||0|000|2102||981,54|7,00|68,71|0||0||||||||1128,77||||||1128,77||||||
|C170|5|290210||10,00000|UN|1666,60||0|000|2102||1666,60|7,00|116,66|0||0||||||||1916,59||||||1916,59||||||
|C170|6|290220||12,00000|UN|543,60||0|000|2102||543,60|7,00|38,05|0||0||||||||597,96||||||597,96||||||
|C170|7|290220||12,00000|UN|543,60||0|000|2102||543,60|7,00|38,05|0||0||||||||597,96||||||597,96||||||
|C170|8|290250||6,00000|UN|417,36||0|000|2102||417,36|7,00|29,22|0||0||||||||459,10||||||459,10||||||
|C170|9|290260||12,00000|UN|291,36||0|000|2102||291,36|7,00|20,40|0||0||||||||326,32||||||326,32||||||
|C170|10|290290||4,00000|UN|220,92||0|000|2102||220,92|7,00|15,46|0||0||||||||247,43||||||247,43||||||
|C170|11|290300||12,00000|UN|847,68||0|000|2102||847,68|7,00|59,34|0||0||||||||949,40||||||949,40||||||
|C170|12|290310||8,00000|UN|634,00||0|000|2102||634,00|7,00|44,38|0||0||||||||729,10||||||729,10||||||
|C170|13|290340||12,00000|UN|339,00||0|000|2102||339,00|7,00|23,73|0||0||||||||372,90||||||372,90||||||
|C190|000|2102|7,00|11447,13|10165,66|711,60|0|0|0|0||
|C100|0|1|800007037|55|00|1|000106891|31111120520367000224550010001068911000152429|25112011|12122011|689,80|0|||599,83|1||||0|0||||||||
|C170|1|290200||11,00000|UN|599,83||0|090|2910|||||0||0||||||||||||||||||||
|C190|090|2910||689,80|0|0|0|0|0|0||
|C100|0|1|800007263|01|00|1|0000180||26122011|26122011|592,02|9|||592,02|9||||0|0||||||||
|C170|1|290170||1,00000|UN|592,02||0|090|1916|||||0||0||||||||||||||||||||
|C190|090|1916||592,02|0|0|0|0|0|0||
|C100|0|1|800007263|01|00|1|0000174||05122011|05122011|357,05|9|||357,05|9||||0|0||||||||
|C170|1|120090||1,00000|UN|42,35||0|090|1916|||||0||0||||||||||||||||||||
|C170|2|120090||4,00000|UN|169,40||0|090|1916|||||0||0||||||||||||||||||||
|C170|3|120090||2,00000|UN|84,70||0|090|1916|||||0||0||||||||||||||||||||
|C170|4|150420||1,00000|UN|60,60||0|090|1916|||||0||0||||||||||||||||||||
|C190|090|1916||357,05|0|0|0|0|0|0||
|C100|0|1|800007040|55|00|3|000024262|35111160963378000112550030000242621175468260|30112011|19122011|11590,72|1|||10426,32|1||||10426,32|729,84||||||||
|C170|1|900320||4,00000|JG|1404,00||0|000|2102||1404,00|7,00|98,28|0||0||||||||||||||||||||
|C170|2|900901||6,00000|PC|23,82||0|000|2102||23,82|7,00|1,67|0||0||||||||||||||||||||
|C170|3|902650||2,00000|PC|116,84||0|000|2102||116,84|7,00|8,18|0||0||||||||||||||||||||
|C170|4|902670||4,00000|PC|48,88||0|000|2102||48,88|7,00|3,42|0||0||||||||||||||||||||
|C170|5|902710||6,00000|JG|90,00||0|000|2102||90,00|7,00|6,30|0||0||||||||||||||||||||
|C170|6|901080||4,00000|PC|74,92||0|000|2102||74,92|7,00|5,24|0||0||||||||||||||||||||
|C170|7|900915||4,00000|PC|60,88||0|000|2102||60,88|7,00|4,26|0||0||||||||||||||||||||
|C170|8|900916||4,00000|PC|70,48||0|000|2102||70,48|7,00|4,93|0||0||||||||||||||||||||
|C170|9|902270||4,00000|PC|227,20||0|000|2102||227,20|7,00|15,90|0||0||||||||||||||||||||
|C170|10|900082||4,00000|PC|147,00||0|000|2102||147,00|7,00|10,29|0||0||||||||||||||||||||
|C170|11|900980||4,00000|PC|59,68||0|000|2102||59,68|7,00|4,18|0||0||||||||||||||||||||
|C170|12|901860||4,00000|PC|149,68||0|000|2102||149,68|7,00|10,48|0||0||||||||||||||||||||
|C170|13|902050||8,00000|PC|35,36||0|000|2102||35,36|7,00|2,48|0||0||||||||||||||||||||
|C170|14|900450||4,00000|JG|83,68||0|000|2102||83,68|7,00|5,86|0||0||||||||||||||||||||
|C170|15|901400||4,00000|PC|28,56||0|000|2102||28,56|7,00|2,00|0||0||||||||||||||||||||
|C170|16|901412||4,00000|PC|209,68||0|000|2102||209,68|7,00|14,68|0||0||||||||||||||||||||
|C170|17|902800||12,00000|PC|88,20||0|000|2102||88,20|7,00|6,17|0||0||||||||||||||||||||
|C170|18|902811||8,00000|PC|53,92||0|000|2102||53,92|7,00|3,77|0||0||||||||||||||||||||
|C170|19|902530||4,00000|PC|47,32||0|000|2102||47,32|7,00|3,31|0||0||||||||||||||||||||
|C170|20|900037||4,00000|JG|207,00||0|000|2102||207,00|7,00|14,49|0||0||||||||||||||||||||
|C170|21|903180||24,00000|JG|59,04||0|000|2102||59,04|7,00|4,13|0||0||||||||||||||||||||
|C170|22|902284||4,00000|PC|117,44||0|000|2102||117,44|7,00|8,22|0||0||||||||||||||||||||
|C170|23|902285||4,00000|PC|44,12||0|000|2102||44,12|7,00|3,09|0||0||||||||||||||||||||
|C170|24|900083||12,00000|JG|103,80||0|000|2102||103,80|7,00|7,27|0||0||||||||||||||||||||
|C170|25|900071||4,00000|JG|294,00||0|000|2102||294,00|7,00|20,58|0||0||||||||||||||||||||
|C170|26|900954||2,00000|JG|16,50||0|000|2102||16,50|7,00|1,16|0||0||||||||||||||||||||
|C170|27|901413||4,00000|PC|476,20||0|000|2102||476,20|7,00|33,33|0||0||||||||||||||||||||
|C170|28|901414||4,00000|PC|426,00||0|000|2102||426,00|7,00|29,82|0||0||||||||||||||||||||
|C170|29|902921||4,00000|JG|317,12||0|000|2102||317,12|7,00|22,20|0||0||||||||||||||||||||
|C170|30|903161||4,00000|PC|229,48||0|000|2102||229,48|7,00|16,06|0||0||||||||||||||||||||
|C170|31|903160||4,00000|PC|112,48||0|000|2102||112,48|7,00|7,87|0||0||||||||||||||||||||
|C170|32|900331||4,00000|PC|96,00||0|000|2102||96,00|7,00|6,72|0||0||||||||||||||||||||
|C170|33|900243||4,00000|PC|22,48||0|000|2102||22,48|7,00|1,57|0||0||||||||||||||||||||
|C170|34|903552||4,00000|PC|55,56||0|000|2102||55,56|7,00|3,89|0||0||||||||||||||||||||
|C170|35|903560||4,00000|PC|98,40||0|000|2102||98,40|7,00|6,89|0||0||||||||||||||||||||
|C170|36|900692||2,00000|PC|107,14||0|000|2102||107,14|7,00|7,50|0||0||||||||||||||||||||
|C170|37|903162||2,00000|PC|92,24||0|000|2102||92,24|7,00|6,46|0||0||||||||||||||||||||
|C170|38|903163||2,00000|PC|168,60||0|000|2102||168,60|7,00|11,80|0||0||||||||||||||||||||
|C170|39|903160||2,00000|PC|56,24||0|000|2102||56,24|7,00|3,94|0||0||||||||||||||||||||
|C170|40|900331||2,00000|PC|48,00||0|000|2102||48,00|7,00|3,36|0||0||||||||||||||||||||
|C170|41|903160||4,00000|PC|112,48||0|000|2102||112,48|7,00|7,87|0||0||||||||||||||||||||
|C170|42|900331||4,00000|PC|96,00||0|000|2102||96,00|7,00|6,72|0||0||||||||||||||||||||
|C170|43|900917||4,00000|PC|99,00||0|000|2102||99,00|7,00|6,93|0||0||||||||||||||||||||
|C170|44|900750||4,00000|PC|501,00||0|000|2102||501,00|7,00|35,07|0||0||||||||||||||||||||
|C170|45|902901||4,00000|JG|81,00||0|000|2102||81,00|7,00|5,67|0||0||||||||||||||||||||
|C170|46|902902||4,00000|PC|70,48||0|000|2102||70,48|7,00|4,93|0||0||||||||||||||||||||
|C170|47|902903||6,00000|JG|59,82||0|000|2102||59,82|7,00|4,19|0||0||||||||||||||||||||
|C170|48|902904||10,00000|PC|33,70||0|000|2102||33,70|7,00|2,36|0||0||||||||||||||||||||
|C170|49|903564||2,00000|PC|18,44||0|000|2102||18,44|7,00|1,29|0||0||||||||||||||||||||
|C170|50|17518||2,00000|JG|132,74||0|000|2102||132,74|7,00|9,29|0||0||||||||||||||||||||
|C170|51|900204||2,00000|PC|79,34||0|000|2102||79,34|7,00|5,55|0||0||||||||||||||||||||
|C170|52|900202||4,00000|PC|49,48||0|000|2102||49,48|7,00|3,46|0||0||||||||||||||||||||
|C170|53|900202||4,00000|PC|49,48||0|000|2102||49,48|7,00|3,46|0||0||||||||||||||||||||
|C170|54|900202||4,00000|JG|49,48||0|000|2102||49,48|7,00|3,46|0||0||||||||||||||||||||
|C170|55|900054||8,00000|JG|209,36||0|000|2102||209,36|7,00|14,66|0||0||||||||||||||||||||
|C170|56|900055||6,00000|JG|175,02||0|000|2102||175,02|7,00|12,25|0||0||||||||||||||||||||
|C170|57|900056||8,00000|JG|179,36||0|000|2102||179,36|7,00|12,56|0||0||||||||||||||||||||
|C170|58|901313||6,00000|JG|38,22||0|000|2102||38,22|7,00|2,68|0||0||||||||||||||||||||
|C170|59|900142||2,00000|PC|48,90||0|000|2102||48,90|7,00|3,42|0||0||||||||||||||||||||
|C170|60|900143||2,00000|PC|162,60||0|000|2102||162,60|7,00|11,38|0||0||||||||||||||||||||
|C170|61|900043||2,00000|JG|39,52||0|000|2102||39,52|7,00|2,77|0||0||||||||||||||||||||
|C170|62|900057||6,00000|JG|122,40||0|000|2102||122,40|7,00|8,57|0||0||||||||||||||||||||
|C170|63|900058||6,00000|JG|122,40||0|000|2102||122,40|7,00|8,57|0||0||||||||||||||||||||
|C170|64|902610||2,00000|JG|334,50||0|000|2102||334,50|7,00|23,41|0||0||||||||||||||||||||
|C170|65|900800||2,00000|PC|85,34||0|000|2102||85,34|7,00|5,97|0||0||||||||||||||||||||
|C170|66|56024||2,00000|PC|52,64||0|000|2102||52,64|7,00|3,68|0||0||||||||||||||||||||
|C170|67|900031||2,00000|PC|85,34||0|000|2102||85,34|7,00|5,97|0||0||||||||||||||||||||
|C170|68|900144||2,00000|PC|79,04||0|000|2102||79,04|7,00|5,53|0||0||||||||||||||||||||
|C170|69|900591||2,00000|PC|69,90||0|000|2102||69,90|7,00|4,89|0||0||||||||||||||||||||
|C170|70|902511||20,00000|JG|808,40||0|000|2102||808,40|7,00|56,59|0||0||||||||||||||||||||
|C170|71|900141||2,00000|PC|106,50||0|000|2102||106,50|7,00|7,46|0||0||||||||||||||||||||
|C170|72|902102||2,00000|PC|106,50||0|000|2102||106,50|7,00|7,46|0||0||||||||||||||||||||
|C190|000|2102|7,00|11590,72|10426,32|729,84|0|0|0|0||
|C100|0|1|800008028|55|00|1|000460199|35111259105999000348550010004601991421068552|06122011|15122011|5510,19|1|||4919,81|1||||4919,81|344,39||||||||
|C170|1|030770||7,00000|PC|4919,81||0|000|2102||4919,81|7,00|344,39|0||0||||||||5510,19||||||5510,19||||||
|C190|000|2102|7,00|5510,19|4919,81|344,39|0|0|0|0||
|C100|0|1|888|55|00|1|000004107|23111206207131000120550010000041071000907630|27122011|27122011|1400,00|9|||1400,00|9||||0|0||||||||
|C170|1|10000||1,00000|UN|1400,00||0|090|1556|||||0||0||||||||||||||||||||
|C190|090|1556||1400,00|0|0|0|0|0|0||
|C100|0|1|800010024|55|00|1|000006891|23111202781591000107550010000068911302381444|15122011|15122011|665,00|1|||665,00|9||||0|0||||||||
|C170|1|10000||1,00000|UN|665,00||0|090|1556|||||0||0||||||||||||||||||||
|C190|090|1556||665,00|0|0|0|0|0|0||
|C400|2D|ECF|GEXNJ20000|2|
|C405|01122011|1|1462|29508|11977792,35|14714|
|C420|01T1700|14714|1||
|C425|090260|1|UN|279|1,81|8,37|
|C425|101040|2|UN|58|0,38|1,74|
|C425|660230|1|UN|129|0,84|3,87|
|C425|660090|5|UN|595|3,87|17,85|
|C425|330050|1|UN|49|0,32|1,47|
|C425|330240|1|UN|79|0,51|2,37|
|C425|701070|1|UN|15|0,1|0,45|
|C425|031240|1|UN|269|1,75|8,07|
|C425|040133|1|UN|375|2,44|11,25|
|C425|290220|1|UN|75|0,49|2,25|
|C425|030130|1|UN|2094|13,61|62,82|
|C425|900231|1|UN|79|0,51|2,37|
|C425|330250|1|UN|99|0,64|2,97|
|C425|820151|1|UN|25|0,16|0,75|
|C425|502201|1|UN|65|0,42|1,95|
|C425|040520|1|UN|1059|6,88|31,77|
|C425|180400|1|UN|499|3,24|14,97|
|C425|910710|9|UN|63|0,41|1,89|
|C425|812540|1|UN|19|0,12|0,57|
|C425|700100|1|UN|29|0,19|0,87|
|C425|500610|1|UN|5|0,03|0,15|
|C425|100200|1|UN|399|2,59|11,97|
|C425|902500|1|UN|49|0,32|1,47|
|C425|701321|1|UN|69|0,45|2,07|
|C425|030760|1|UN|1299|8,44|38,97|
|C425|500633|1|UN|48|0,31|1,44|
|C425|841107|1|UN|19|0,12|0,57|
|C425|940380|1|UN|9|0,15|0,68|
|C425|900980|1|UN|35|0,23|1,05|
|C425|902370|1|UN|49|0,32|1,47|
|C425|520020|1|UN|45|0,29|1,35|
|C425|950120|1|UN|49|0,32|1,47|
|C425|040213|1|UN|1399|9,09|41,97|
|C425|040550|1|UN|159|1,03|4,77|
|C425|650710|1|UN|10|0,07|0,3|
|C425|840650|1|UN|9|0,06|0,27|
|C425|031260|1|UN|579|3,76|17,37|
|C425|105301|1|UN|79|0,51|2,37|
|C425|030910|1|UN|465|3,02|13,95|
|C425|180270|1|UN|259|1,68|7,77|
|C425|040423|1|UN|769|5|23,07|
|C425|100210|3|UN|540|3,51|16,2|
|C425|950370|1|UN|790|5,14|23,7|
|C425|940430|1|UN|14|0,23|1,06|
|C425|030553|1|UN|495|3,22|14,85|
|C425|030433|1|UN|799|5,19|23,97|
|C425|650670|2|UN|10|0,07|0,3|
|C425|650220|3|UN|9|0,06|0,27|
|C425|180273|1|UN|300|1,95|9|
|C490|000|5102|17|14714|14714|2501,38||
|C405|02122011|1|1463|29530|11989383,35|11591|
|C420|01T1700|11591|1||
|C425|030830|1|UN|2599|16,89|77,97|
|C425|903081|1|UN|255|1,66|7,65|
|C425|901770|1|UN|59|0,38|1,77|
|C425|810352|2|UN|30|0,2|0,9|
|C425|030100|1|UN|3099|20,14|92,97|
|C425|290300|1|UN|129|0,84|3,87|
|C425|090130|1|UN|42|0,27|1,26|
|C425|150420|1|UN|99|0,64|2,97|
|C425|200400|1|UN|499|3,24|14,97|
|C425|290340|2|UN|118|0,76|3,54|
|C425|500040|1|UN|35|0,23|1,05|
|C425|901410|1|UN|99|0,64|2,97|
|C425|890500|1|UN|99|0,64|2,97|
|C425|890540|1|UN|499|3,24|14,97|
|C425|901312|1|UN|18|0,12|0,54|
|C425|040103|1|UN|1399|9,09|41,97|
|C425|330210|1|UN|69|0,45|2,07|
|C425|840640|1|UN|12|0,08|0,36|
|C425|650520|1|UN|16|0,1|0,48|
|C425|100210|1|UN|379|2,46|11,37|
|C425|812040|2|UN|38|0,25|1,14|
|C425|180750|1|UN|1999|12,99|59,97|
|C490|000|5102|17|11591|11591|1970,47||
|C405|03122011|1|1464|29544|11995662,35|6279|
|C420|01T1700|6279|1||
|C425|902960|1|UN|12|0,08|0,36|
|C425|100210|1|UN|379|2,46|11,37|
|C425|330010|1|UN|115|0,75|3,45|
|C425|200370|1|UN|329|2,14|9,87|
|C425|500040|1|UN|35|0,23|1,05|
|C425|812510|1|UN|89|0,58|2,67|
|C425|890341|1|UN|12|0,08|0,36|
|C425|031260|1|UN|579|3,76|17,37|
|C425|902970|1|UN|14|0,09|0,42|
|C425|902950|1|UN|20|0,13|0,6|
|C425|910060|2|UN|98|0,64|2,94|
|C425|970560|1|UN|45|0,29|1,35|
|C425|813360|1|UN|9|0,06|0,27|
|C425|813371|5|UN|25|0,16|0,75|
|C425|040123|1|UN|335|5,53|25,46|
|C425|813472|1|UN|45|0,29|1,35|
|C425|950151|1|UN|79|0,51|2,37|
|C425|030660|1|UN|349|2,27|10,47|
|C425|030433|1|UN|799|5,19|23,97|
|C425|040103|1|UN|1399|9,09|41,97|
|C425|180203|1|UN|399|2,59|11,97|
|C425|330020|1|UN|105|0,68|3,15|
|C425|902580|1|UN|5|0,03|0,15|
|C425|500610|1|UN|5|0,03|0,15|
|C425|680920|1|UN|13|0,08|0,39|
|C425|900331|1|UN|49|0,32|1,47|
|C425|330210|2|UN|138|0,9|4,14|
|C425|040360|1|UN|399|2,59|11,97|
|C425|100200|1|UN|399|2,59|11,97|
|C490|000|5102|17|6279|6279|1067,43||
|C405|05122011|1|1465|29577|12011100,36|15438|
|C420|01T1700|15438|1||
|C425|841030|1|UN|12|0,08|0,36|
|C425|180770|2|UN|2298|14,94|68,94|
|C425|040430|1|UN|329|2,14|9,87|
|C425|031240|1|UN|269|1,75|8,07|
|C425|200210|1|UN|459|2,98|13,77|
|C425|520270|1|UN|18|0,12|0,54|
|C425|970710|1|UN|23|0,15|0,69|
|C425|500590|2|UN|10|0,07|0,3|
|C425|501570|1|UN|12|0,08|0,36|
|C425|040470|1|UN|399|2,59|11,97|
|C425|521140|1|UN|29|0,19|0,87|
|C425|650240|1|UN|10|0,07|0,3|
|C425|813561|1|UN|45|0,29|1,35|
|C425|890341|1|UN|12|0,08|0,36|
|C425|104630|1|UN|39|0,25|1,17|
|C425|111130|1|UN|7|0,05|0,21|
|C425|104650|8|UN|72|0,47|2,16|
|C425|104640|8|UN|120|0,78|3,6|
|C425|104620|1|UN|39|0,25|1,17|
|C425|900122|1|UN|25|0,16|0,75|
|C425|812961|1|UN|49|0,32|1,47|
|C425|180243|1|UN|549|3,57|16,47|
|C425|104190|1|UN|39|0,25|1,17|
|C425|970720|1|UN|99|0,64|2,97|
|C425|813620|1|UN|39|0,25|1,17|
|C425|812470|1|UN|49|0,32|1,47|
|C425|813360|3|UN|27|0,18|0,81|
|C425|840433|1|UN|65|0,42|1,95|
|C425|180550|2|UN|1078|7|32,34|
|C425|105050|1|UN|16|0,1|0,48|
|C425|811040|1|UN|86|0,56|2,58|
|C425|810351|2|UN|18|0,12|0,54|
|C425|532170|1|UN|39|0,25|1,17|
|C425|103110|1|UN|59|0,38|1,77|
|C425|102101|1|UN|109|0,71|3,27|
|C425|200400|1|UN|499|3,24|14,97|
|C425|180790|1|UN|1749|11,37|52,47|
|C425|180760|1|UN|1399|9,09|41,97|
|C425|890360|1|UN|149|0,97|4,47|
|C425|501080|1|UN|7|0,05|0,21|
|C425|500790|1|UN|7|0,05|0,21|
|C425|500770|1|UN|5|0,03|0,15|
|C425|500630|2|UN|10|0,07|0,3|
|C425|500610|1|UN|5|0,03|0,15|
|C425|902110|1|UN|999|6,49|29,97|
|C425|330250|1|UN|96|0,62|2,88|
|C425|180203|1|UN|387|2,52|11,61|
|C425|500820|1|UN|7|0,05|0,21|
|C425|950120|1|UN|49|0,32|1,47|
|C425|900980|1|UN|35|0,23|1,05|
|C425|710240|1|UN|19|0,31|1,44|
|C425|900090|1|UN|59|0,38|1,77|
|C425|531040|1|UN|35|0,23|1,05|
|C425|501160|1|UN|7|0,05|0,21|
|C425|290290|1|UN|99|0,64|2,97|
|C425|200530|1|UN|179|1,16|5,37|
|C425|104600|1|UN|10|0,07|0,3|
|C425|680940|1|UN|60|0,39|1,8|
|C425|180580|1|UN|349|2,27|10,47|
|C425|330210|1|UN|69|0,45|2,07|
|C425|902511|1|UN|79|0,51|2,37|
|C425|030433|1|UN|799|5,19|23,97|
|C425|290280|1|UN|119|0,77|3,57|
|C425|090240|1|UN|59|0,38|1,77|
|C425|100200|1|UN|399|2,59|11,97|
|C425|501170|1|UN|5|0,03|0,15|
|C425|680930|1|UN|119|0,77|3,57|
|C425|813472|5|UN|225|1,46|6,75|
|C425|701630|3|UN|117|0,76|3,51|
|C425|330010|1|UN|115|0,75|3,45|
|C425|120090|1|UN|31|0,2|0,93|
|C425|290053|1|UN|199|1,29|5,97|
|C425|100063|1|UN|290|1,89|8,7|
|C425|902590|5|UN|45|0,29|1,35|
|C490|000|5102|17|15438|15438|2624,46||
|C405|06122011|1|1466|29601|12020572,36|9472|
|C420|01T1700|9472|1||
|C425|500630|1|UN|5|0,03|0,15|
|C425|910782|1|UN|69|0,45|2,07|
|C425|120020|1|UN|99|0,64|2,97|
|C425|090240|1|UN|59|0,38|1,77|
|C425|150040|2|UN|114|0,74|3,42|
|C425|180270|2|UN|518|3,36|15,54|
|C425|810353|1|UN|22|0,14|0,66|
|C425|030580|1|UN|1699|11,04|50,97|
|C425|030800|1|UN|1699|11,04|50,97|
|C425|500500|1|UN|5|0,03|0,15|
|C425|502201|1|UN|65|0,42|1,95|
|C425|500632|1|UN|19|0,12|0,57|
|C425|501300|1|UN|5|0,03|0,15|
|C425|502371|1|UN|10|0,07|0,3|
|C425|501170|1|UN|5|0,03|0,15|
|C425|902511|1|UN|79|0,51|2,37|
|C425|840640|1|UN|12|0,08|0,36|
|C425|811700|2|UN|26|0,17|0,78|
|C425|970410|1|UN|29|0,19|0,87|
|C425|030373|2|UN|1600|10,41|48|
|C425|530610|1|UN|89|0,58|2,67|
|C425|730060|1|UN|39|0,25|1,17|
|C425|040290|2|UN|1000|6,5|30|
|C425|500290|1|UN|45|0,29|1,35|
|C425|521000|1|UN|8|0,05|0,24|
|C425|810352|1|UN|15|0,1|0,45|
|C425|701290|1|UN|16|0,1|0,48|
|C425|521010|2|UN|16|0,1|0,48|
|C425|812040|1|UN|19|0,12|0,57|
|C425|100200|1|UN|387|2,52|11,61|
|C425|902590|1|UN|10|0,07|0,3|
|C425|030333|1|UN|765|4,97|22,95|
|C425|180590|1|UN|248|1,61|7,44|
|C425|104650|2|UN|18|0,12|0,54|
|C425|700951|1|UN|29|0,19|0,87|
|C425|841090|1|UN|25|0,16|0,75|
|C425|841091|2|UN|30|0,2|0,9|
|C425|810861|2|UN|38|0,24|1,14|
|C425|500160|1|UN|29|0,19|0,87|
|C425|903520|6|UN|234|1,52|7,02|
|C425|903530|7|UN|273|1,77|8,19|
|C490|000|5102|17|9472|9472|1610,24||
|C405|07122011|1|1467|29631|12030282,37|9710|
|C420|01T1700|9710|1||
|C425|200530|1|UN|179|1,16|5,37|
|C425|890520|1|UN|99|0,64|2,97|
|C425|040203|1|UN|1699|11,04|50,97|
|C425|180280|1|UN|89|0,58|2,67|
|C425|100200|1|UN|190|1,24|5,7|
|C425|180273|3|UN|947|6,15|28,41|
|C425|330030|1|UN|129|0,84|3,87|
|C425|180320|1|UN|45|0,29|1,35|
|C425|030960|1|UN|799|5,19|23,97|
|C425|103020|2|UN|128|0,83|3,84|
|C425|500590|6|UN|30|0,2|0,9|
|C425|812960|1|UN|29|0,19|0,87|
|C425|812250|1|UN|18|0,12|0,54|
|C425|501140|2|UN|14|0,09|0,42|
|C425|660621|1|UN|89|0,58|2,67|
|C425|970610|1|UN|14|0,09|0,42|
|C425|040250|1|UN|899|5,84|26,97|
|C425|060360|1|UN|265|1,72|7,95|
|C425|040290|1|UN|1067|6,94|32,01|
|C425|102030|1|UN|14|0,09|0,42|
|C425|030363|1|UN|1099|7,14|32,97|
|C425|330090|1|UN|119|0,77|3,57|
|C425|104200|1|UN|12|0,08|0,36|
|C425|104300|1|UN|12|0,08|0,36|
|C425|810610|2|UN|38|0,25|1,14|
|C425|180770|1|UN|1149|7,47|34,47|
|C425|040570|1|UN|199|1,29|5,97|
|C425|150040|1|UN|59|0,38|1,77|
|C425|180590|1|UN|249|1,62|7,47|
|C425|840640|1|UN|12|0,08|0,36|
|C425|500630|2|UN|10|0,06|0,3|
|C425|501550|1|UN|3|0,02|0,09|
|C425|740300|1|UN|6|0,04|0,18|
|C490|000|5102|17|9710|9710|1650,7||
|C405|08122011|1|1468|29657|12043287,38|13005|
|C420|01T1700|13005|1||
|C425|150040|3|UN|112|0,72|3,36|
|C425|030093|1|UN|2199|14,29|65,97|
|C425|040360|1|UN|379|2,46|11,37|
|C425|160200|1|UN|179|1,16|5,37|
|C425|180770|1|UN|1149|7,47|34,47|
|C425|050683|1|UN|328|2,13|9,84|
|C425|180190|1|UN|599|3,89|17,97|
|C425|220100|1|UN|337|2,19|10,11|
|C425|030373|1|UN|1163|7,56|34,89|
|C425|811060|1|UN|69|0,45|2,07|
|C425|532310|1|UN|569|3,7|17,07|
|C425|890550|1|UN|229|1,49|6,87|
|C425|902511|1|UN|79|0,51|2,37|
|C425|050553|2|UN|895|5,82|26,85|
|C425|030143|1|UN|850|5,53|25,5|
|C425|520190|1|UN|139|0,9|4,17|
|C425|180750|1|UN|1999|12,99|59,97|
|C425|901380|1|UN|19|0,12|0,57|
|C425|330210|1|UN|69|0,45|2,07|
|C425|502201|1|UN|65|0,42|1,95|
|C425|031130|1|UN|1249|8,12|37,47|
|C425|500581|1|UN|15|0,1|0,45|
|C425|180270|1|UN|259|1,68|7,77|
|C425|290190|1|UN|55|0,36|1,65|
|C490|000|5102|17|13005|13005|2210,85||
|C405|09122011|1|1469|29690|12057880,38|14593|
|C420|01T1700|14593|1||
|C425|970300|1|UN|85|0,55|2,55|
|C425|040360|2|UN|798|5,18|23,94|
|C425|180380|1|UN|225|1,46|6,75|
|C425|180770|2|UN|1664|10,82|49,92|
|C425|902511|2|UN|158|1,02|4,74|
|C425|910960|1|UN|59|0,38|1,77|
|C425|890520|1|UN|99|0,64|2,97|
|C425|910783|1|UN|69|0,45|2,07|
|C425|120090|1|UN|69|0,45|2,07|
|C425|902111|2|UN|998|6,48|29,94|
|C425|040453|1|UN|659|4,28|19,77|
|C425|100063|1|UN|309|2,01|9,27|
|C425|950310|1|UN|119|0,77|3,57|
|C425|180280|2|UN|170|1,11|5,1|
|C425|813480|1|UN|49|0,32|1,47|
|C425|970660|1|UN|39|0,25|1,17|
|C425|050840|1|UN|599|3,89|17,97|
|C425|290260|1|UN|49|0,32|1,47|
|C425|502371|1|UN|10|0,07|0,3|
|C425|100200|1|UN|379|2,46|11,37|
|C425|030100|1|UN|1300|8,45|39|
|C425|051060|2|UN|1138|7,4|34,14|
|C425|040183|1|UN|872|5,67|26,16|
|C425|290053|1|UN|199|1,29|5,97|
|C425|532310|1|UN|569|3,7|17,07|
|C425|030523|1|UN|339|2,2|10,17|
|C425|100210|3|UN|919|5,97|27,57|
|C425|120040|1|UN|69|0,45|2,07|
|C425|880240|1|UN|129|0,84|3,87|
|C425|150040|6|UN|342|2,22|10,26|
|C425|030093|1|UN|2089|13,58|62,67|
|C425|501792|1|UN|22|0,14|0,66|
|C490|000|5102|17|14593|14593|2480,81||
|C405|10122011|1|1470|29707|12065724,38|7844|
|C420|01T1700|7844|1||
|C425|040570|1|UN|199|1,29|5,97|
|C425|180770|1|UN|500|3,25|15|
|C425|650710|2|UN|20|0,13|0,6|
|C425|940350|1|UN|5|0,08|0,38|
|C425|810352|1|UN|15|0,1|0,45|
|C425|700280|1|UN|6|0,04|0,18|
|C425|531950|1|UN|15|0,1|0,45|
|C425|910760|1|UN|9|0,06|0,27|
|C425|880010|1|UN|89|0,58|2,67|
|C425|030093|1|UN|2000|13|60|
|C425|890501|1|UN|99|0,64|2,97|
|C425|180510|1|UN|999|6,49|29,97|
|C425|040250|1|UN|872|5,67|26,16|
|C425|890440|1|UN|59|0,38|1,77|
|C425|040183|1|UN|899|5,84|26,97|
|C425|290033|3|UN|537|3,49|16,11|
|C425|180270|1|UN|259|1,68|7,77|
|C425|030383|1|UN|1262|8,2|37,86|
|C490|000|5102|17|7844|7844|1333,48||
|C405|12122011|1|1471|29734|12074055,38|7492|
|C420|01T1700|7492|1||
|C425|680260|1|UN|39|0,25|1,17|
|C425|902511|1|UN|79|0,51|2,37|
|C425|902960|1|UN|12|0,08|0,36|
|C425|902970|1|UN|14|0,09|0,42|
|C425|950230|1|UN|12|0,08|0,36|
|C425|810291|1|UN|29|0,19|0,87|
|C425|180550|1|UN|539|3,5|16,17|
|C425|810352|1|UN|15|0,1|0,45|
|C425|701200|1|UN|27|0,18|0,81|
|C425|501740|1|UN|59|0,38|1,77|
|C425|501130|1|UN|7|0,05|0,21|
|C425|903573|1|UN|299|1,94|8,97|
|C425|890341|1|UN|12|0,08|0,36|
|C425|810571|1|UN|88|0,57|2,64|
|C425|850050|1|UN|55|0,36|1,65|
|C425|812250|1|UN|18|0,12|0,54|
|C425|670850|1|UN|6|0,04|0,18|
|C425|290080|2|UN|198|1,28|5,94|
|C425|100200|1|UN|399|2,59|11,97|
|C425|330210|2|UN|138|0,9|4,14|
|C425|030363|1|UN|1099|7,14|32,97|
|C425|812930|2|UN|28|0,18|0,84|
|C425|290210|1|UN|349|2,27|10,47|
|C425|040530|1|UN|929|6,04|27,87|
|C425|180930|1|UN|149|0,97|4,47|
|C425|040470|1|UN|399|2,59|11,97|
|C425|180273|1|UN|319|2,07|9,57|
|C425|902710|1|UN|29|0,19|0,87|
|C425|502382|1|UN|4|0,03|0,12|
|C425|500120|1|UN|29|0,19|0,87|
|C425|103110|1|UN|59|0,38|1,77|
|C425|180270|1|UN|259|1,68|7,77|
|C425|900171|1|UN|15|0,1|0,45|
|C425|650670|2|UN|12|0,08|0,36|
|C425|811930|1|UN|35|0,23|1,05|
|C425|810382|1|UN|49|0,32|1,47|
|C425|890560|1|UN|229|1,49|6,87|
|C425|290270|1|UN|89|0,58|2,67|
|C425|105301|1|UN|79|0,51|2,37|
|C425|970250|1|UN|118|0,77|3,54|
|C425|500550|1|UN|5|0,03|0,15|
|C425|501140|1|UN|7|0,05|0,21|
|C425|501570|1|UN|12|0,08|0,36|
|C425|700810|1|UN|24|0,16|0,72|
|C425|680930|1|UN|119|0,77|3,57|
|C425|500820|1|UN|7|0,05|0,21|
|C425|970430|1|UN|13|0,08|0,39|
|C425|180280|1|UN|89|0,58|2,67|
|C425|120090|1|UN|69|0,45|2,07|
|C425|100160|1|UN|469|3,05|14,07|
|C425|740300|1|UN|6|0,04|0,18|
|C425|040460|1|UN|349|2,27|10,47|
|C490|000|5102|17|7492|7492|1273,64||
|C405|13122011|1|1472|29759|12090301,38|16246|
|C420|01T1700|16246|1||
|C425|100200|1|UN|399|2,59|11,97|
|C425|841106|1|UN|15|0,1|0,45|
|C425|120070|1|UN|139|0,9|4,17|
|C425|980230|1|UN|5|0,08|0,38|
|C425|980220|1|UN|6|0,1|0,46|
|C425|740120|1|UN|12|0,08|0,36|
|C425|030093|1|UN|2089|13,58|62,67|
|C425|030130|2|UN|4093|26,6|122,79|
|C425|030363|1|UN|1044|6,79|31,32|
|C425|030960|1|UN|360|2,34|10,8|
|C425|903081|1|UN|269|1,75|8,07|
|C425|040123|1|UN|749|4,87|22,47|
|C425|290080|1|UN|99|0,64|2,97|
|C425|520570|2|UN|98|0,64|2,94|
|C425|840020|2|UN|52|0,34|1,56|
|C425|330050|3|UN|147|0,96|4,41|
|C425|880080|1|UN|89|0,58|2,67|
|C425|880210|1|UN|99|0,64|2,97|
|C425|290083|1|UN|99|0,64|2,97|
|C425|813350|2|UN|38|0,25|1,14|
|C425|531160|1|UN|35|0,23|1,05|
|C425|030353|1|UN|2399|15,59|71,97|
|C425|950440|1|UN|1199|7,79|35,97|
|C425|180770|1|UN|1149|7,47|34,47|
|C425|120090|2|UN|138|0,9|4,14|
|C425|040550|1|UN|159|1,03|4,77|
|C425|680970|1|UN|39|0,25|1,17|
|C425|890440|3|UN|177|1,15|5,31|
|C425|701990|1|UN|22|0,14|0,66|
|C425|840980|1|UN|65|0,42|1,95|
|C425|902930|1|UN|15|0,1|0,45|
|C425|500730|1|UN|39|0,25|1,17|
|C425|502201|1|UN|65|0,42|1,95|
|C425|790100|1|UN|25|0,16|0,75|
|C425|812690|1|UN|39|0,25|1,17|
|C425|290210|1|UN|330|2,15|9,9|
|C425|250520|1|UN|450|2,93|13,5|
|C490|000|5102|17|16246|16246|2761,82||
|C405|14122011|1|1473|29784|12112916,38|22615|
|C420|01T1700|22615|1||
|C425|180770|4|UN|2068|13,44|62,04|
|C425|811580|1|UN|7|0,05|0,21|
|C425|970120|1|UN|148|0,96|4,44|
|C425|902511|2|UN|158|1,02|4,74|
|C425|290210|1|UN|349|2,27|10,47|
|C425|100063|1|UN|290|1,89|8,7|
|C425|040053|1|UN|1310|8,52|39,3|
|C425|050990|1|UN|2476|16,09|74,28|
|C425|030303|1|UN|2249|14,62|67,47|
|C425|840742|1|UN|12|0,08|0,36|
|C425|200370|4|UN|592|3,85|17,76|
|C425|220183|2|UN|1025|6,66|30,75|
|C425|180870|3|UN|485|8,01|36,86|
|C425|030223|1|UN|1709|11,11|51,27|
|C425|030353|2|UN|3596|23,37|107,88|
|C425|030910|1|UN|450|2,93|13,5|
|C425|030740|1|UN|674|4,38|20,22|
|C425|031130|1|UN|585|3,8|17,55|
|C425|030533|1|UN|250|1,63|7,5|
|C425|841104|1|UN|22|0,14|0,66|
|C425|940370|1|UN|14|0,23|1,06|
|C425|910190|1|UN|12|0,08|0,36|
|C425|180760|1|UN|1320|8,58|39,6|
|C425|180273|1|UN|319|2,07|9,57|
|C425|950151|1|UN|79|0,51|2,37|
|C425|040133|1|UN|749|4,87|22,47|
|C425|100200|1|UN|409|2,66|12,27|
|C425|650310|1|UN|5|0,03|0,15|
|C425|701110|2|UN|28|0,18|0,84|
|C425|970430|1|UN|13|0,08|0,39|
|C425|100210|2|UN|739|4,8|22,17|
|C425|290290|1|UN|99|0,64|2,97|
|C425|900831|1|UN|15|0,1|0,45|
|C425|890520|1|UN|99|0,64|2,97|
|C425|890501|1|UN|119|0,77|3,57|
|C425|501280|1|UN|79|0,51|2,37|
|C425|501650|1|UN|45|0,29|1,35|
|C425|810422|1|UN|17|0,11|0,51|
|C490|000|5102|17|22615|22615|3844,55||
|C405|15122011|1|1474|29816|12125062,39|12146|
|C420|01T1700|12146|1||
|C425|840993|1|UN|159|1,03|4,77|
|C425|903170|1|UN|6|0,04|0,18|
|C425|030353|1|UN|2399|15,59|71,97|
|C425|030951|1|UN|999|6,49|29,97|
|C425|911020|1|UN|59|0,38|1,77|
|C425|090240|2|UN|118|0,76|3,54|
|C425|120020|1|UN|99|0,64|2,97|
|C425|902430|1|UN|279|1,81|8,37|
|C425|031110|1|UN|649|4,22|19,47|
|C425|330030|1|UN|129|0,84|3,87|
|C425|040280|1|UN|1349|8,77|40,47|
|C425|180550|1|UN|491|3,19|14,73|
|C425|030960|1|UN|360|2,34|10,8|
|C425|520350|1|UN|129|0,84|3,87|
|C425|031130|1|UN|1299|8,44|38,97|
|C425|290053|1|UN|199|1,29|5,97|
|C425|100200|1|UN|399|2,59|11,97|
|C425|810891|2|UN|16|0,1|0,48|
|C425|030373|1|UN|1199|7,79|35,97|
|C425|840620|1|UN|55|0,36|1,65|
|C425|120090|1|UN|69|0,45|2,07|
|C425|650720|1|UN|8|0,05|0,24|
|C425|540310|1|UN|15|0,1|0,45|
|C425|900700|1|UN|22|0,14|0,66|
|C425|901830|1|UN|49|0,32|1,47|
|C425|902940|1|UN|22|0,14|0,66|
|C425|040423|2|UN|1538|10|46,14|
|C425|901930|1|UN|12|0,08|0,36|
|C425|901940|1|UN|19|0,12|0,57|
|C490|000|5102|17|12146|12146|2064,82||
|C405|16122011|1|1475|29844|12136303,39|11241|
|C420|01T1700|11241|1||
|C425|102803|1|UN|149|0,97|4,47|
|C425|180273|1|UN|303|1,97|9,09|
|C425|890501|2|UN|198|1,28|5,94|
|C425|030373|1|UN|515|3,35|15,45|
|C425|090400|1|UN|49|0,32|1,47|
|C425|040550|1|UN|159|1,03|4,77|
|C425|330090|2|UN|173|1,12|5,19|
|C425|250520|2|UN|1998|12,98|59,94|
|C425|840870|1|UN|12|0,08|0,36|
|C425|840030|2|UN|28|0,18|0,84|
|C425|840980|1|UN|65|0,42|1,95|
|C425|030143|1|UN|812|5,28|24,36|
|C425|811060|1|UN|69|0,45|2,07|
|C425|030830|1|UN|2400|15,6|72|
|C425|103110|1|UN|59|0,38|1,77|
|C425|030770|1|UN|585|3,8|17,55|
|C425|330030|1|UN|129|0,84|3,87|
|C425|180270|3|UN|777|5,05|23,31|
|C425|200530|2|UN|352|2,28|10,56|
|C425|880360|1|UN|45|0,29|1,35|
|C425|040430|1|UN|148|0,96|4,44|
|C425|290210|1|UN|349|2,27|10,47|
|C425|940400|1|UN|15|0,25|1,14|
|C425|030130|1|UN|944|6,14|28,32|
|C425|030363|1|UN|481|3,13|14,43|
|C425|051220|1|UN|427|2,78|12,81|
|C490|000|5102|17|11241|11241|1910,97||
|C405|17122011|1|1476|29862|12142216,39|5913|
|C420|01T1700|5913|1||
|C425|040440|1|UN|429|2,79|12,87|
|C425|500590|2|UN|10|0,06|0,3|
|C425|501570|2|UN|24|0,16|0,72|
|C425|500770|2|UN|10|0,06|0,3|
|C425|501170|2|UN|10|0,06|0,3|
|C425|501300|2|UN|10|0,06|0,3|
|C425|500631|1|UN|39|0,25|1,17|
|C425|500500|2|UN|10|0,06|0,3|
|C425|290053|1|UN|199|1,29|5,97|
|C425|680310|1|UN|89|0,58|2,67|
|C425|104300|1|UN|12|0,08|0,36|
|C425|680980|2|UN|38|0,25|1,14|
|C425|070420|4|UN|1136|7,38|34,08|
|C425|090420|1|UN|129|0,84|3,87|
|C425|521010|1|UN|8|0,05|0,24|
|C425|040430|1|UN|320|2,08|9,6|
|C425|521030|1|UN|8|0,05|0,24|
|C425|910710|2|UN|14|0,09|0,42|
|C425|650670|2|UN|12|0,08|0,36|
|C425|902482|1|UN|16|0,1|0,48|
|C425|040183|1|UN|854|5,55|25,62|
|C425|100063|3|UN|870|5,66|26,1|
|C425|180280|1|UN|89|0,58|2,67|
|C425|950490|1|UN|529|3,44|15,87|
|C425|510950|3|UN|12|0,08|0,36|
|C425|813650|2|UN|98|0,64|2,94|
|C425|810861|1|UN|19|0,12|0,57|
|C425|810353|1|UN|20|0,13|0,6|
|C425|050610|1|UN|899|5,84|26,97|
|C490|000|5102|17|5913|5913|1005,21||
|C405|19122011|1|1477|29889|12155844,4|11734,01|
|C420|01T1700|11734,01|1||
|C425|100210|2|UN|758|4,92|22,74|
|C425|701540|1|UN|19|0,12|0,57|
|C425|200400|1|UN|499|3,24|14,97|
|C425|120080|1|UN|139|0,9|4,17|
|C425|090370|1|UN|179|1,16|5,37|
|C425|810353|1|UN|22|0,14|0,66|
|C425|903140|1|UN|129|0,84|3,87|
|C425|840620|1|UN|55|0,36|1,65|
|C425|900431|1|UN|22|0,14|0,66|
|C425|700330|1|UN|59|0,38|1,77|
|C425|521010|3|UN|24|0,16|0,72|
|C425|841100|1|UN|5|0,03|0,15|
|C425|030143|2|UN|2655|17,25|79,65|
|C425|050983|1|UN|916|5,95|27,48|
|C425|030093|1|UN|978|6,36|29,34|
|C425|030580|1|UN|665|4,32|19,95|
|C425|030443|1|UN|555|3,61|16,65|
|C425|840940|1|UN|22|0,14|0,66|
|C425|901790|1|UN|39|0,25|1,17|
|C425|970460|1|UN|59|0,38|1,77|
|C425|500040|2|UN|70|0,46|2,1|
|C425|101520|1|UN|69|0,45|2,07|
|C425|880220|1|UN|79|0,51|2,37|
|C425|330150|1|UN|350|2,28|10,5|
|C425|901610|6|UN|133,01|0,86|3,99|
|C425|701320|1|UN|15|0,1|0,45|
|C425|650200|1|UN|39|0,25|1,17|
|C425|500560|2|UN|50|0,32|1,5|
|C425|700242|1|UN|12|0,08|0,36|
|C425|701750|1|UN|29|0,19|0,87|
|C425|900122|2|UN|50|0,33|1,5|
|C425|650510|1|UN|13|0,08|0,39|
|C425|520570|1|UN|49|0,32|1,47|
|C425|520511|1|UN|69|0,45|2,07|
|C425|080020|1|UN|99|0,64|2,97|
|C425|700880|1|UN|10|0,07|0,3|
|C425|810292|1|UN|19|0,12|0,57|
|C425|903170|1|UN|6|0,04|0,18|
|C425|840980|1|UN|65|0,42|1,95|
|C425|820320|1|UN|10|0,07|0,3|
|C425|701530|1|UN|6|0,04|0,18|
|C425|990070|6|UN|30|0,2|0,9|
|C425|700700|2|UN|10|0,07|0,3|
|C425|520310|1|UN|35|0,23|1,05|
|C425|050980|1|UN|1350|8,78|40,5|
|C425|030300|1|UN|1260|8,19|37,8|
|C425|650160|2|UN|8|0,05|0,24|
|C490|000|5102|17|11734,01|11734,01|1994,79||
|C405|20122011|1|1478|29904|12157564,41|1720|
|C420|01T1700|1720|1||
|C425|970610|1|UN|14|0,09|0,42|
|C425|660590|1|UN|25|0,16|0,75|
|C425|150420|1|UN|99|0,64|2,97|
|C425|290080|1|UN|99|0,64|2,97|
|C425|900021|1|UN|199|1,29|5,97|
|C425|180273|1|UN|319|2,07|9,57|
|C425|650720|1|UN|8|0,05|0,24|
|C425|690330|1|UN|6|0,1|0,46|
|C425|051060|1|UN|599|3,89|17,97|
|C425|650670|2|UN|12|0,08|0,36|
|C425|650010|1|UN|10|0,07|0,3|
|C425|180440|1|UN|225|1,46|6,75|
|C425|330020|1|UN|105|0,68|3,15|
|C490|000|5102|17|1720|1720|292,4||
|C405|21122011|1|1479|29921|12164817,41|7253|
|C420|01T1700|7219|1||
|C425|100200|1|UN|379|2,46|11,37|
|C425|520570|1|UN|49|0,32|1,47|
|C425|040240|1|UN|2499|16,24|74,97|
|C425|330030|1|UN|129|0,84|3,87|
|C425|650200|1|UN|20|0,13|0,6|
|C425|180450|1|UN|417|2,71|12,51|
|C425|090370|1|UN|83|0,54|2,49|
|C425|031140|1|UN|930|6,05|27,9|
|C425|290300|1|UN|122|0,79|3,66|
|C425|180270|1|UN|246|1,6|7,38|
|C425|500421|1|UN|5|0,03|0,15|
|C425|050683|1|UN|759|4,93|22,77|
|C425|813550|1|UN|39|0,25|1,17|
|C425|040103|1|UN|1399|9,09|41,97|
|C425|700800|1|UN|65|0,42|1,95|
|C425|500050|1|UN|49|0,32|1,47|
|C425|950230|2|UN|24|0,16|0,72|
|C425|500770|1|UN|5|0,03|0,15|
|C420|N1|34|||
|C425|690330|5|UN|25|0,17|0,75|
|C425|980210|1|UN|9|0,06|0,27|
|C490|000|5102|17|7219|7219|1227,23||
|C490|041|5102|0|34|0|0||
|C405|22122011|1|1480|29965|12183572,46|18755|
|C420|01T1700|18755|1||
|C425|900122|1|UN|25|0,16|0,75|
|C425|040123|1|UN|320|2,08|9,6|
|C425|900083|6|UN|114|0,74|3,42|
|C425|180590|1|UN|240|1,56|7,2|
|C425|813360|4|UN|36|0,24|1,08|
|C425|813371|3|UN|15|0,1|0,45|
|C425|070420|4|UN|1166|7,58|34,98|
|C425|030560|1|UN|699|4,54|20,97|
|C425|030910|1|UN|999|6,49|29,97|
|C425|660621|1|UN|89|0,58|2,67|
|C425|040570|1|UN|90|0,59|2,7|
|C425|902600|1|UN|59|0,38|1,77|
|C425|330210|1|UN|66|0,43|1,98|
|C425|250520|1|UN|999|6,49|29,97|
|C425|100200|2|UN|798|5,18|23,94|
|C425|100040|1|UN|729|4,74|21,87|
|C425|030373|1|UN|1199|7,79|35,97|
|C425|840890|1|UN|39|0,25|1,17|
|C425|900980|1|UN|35|0,23|1,05|
|C425|660301|1|UN|199|1,29|5,97|
|C425|710310|1|UN|18|0,12|0,54|
|C425|030100|1|UN|2970|19,31|89,1|
|C425|180700|1|UN|2000|13|60|
|C425|180910|1|UN|2136|13,88|64,08|
|C425|040360|1|UN|419|2,72|12,57|
|C425|810352|1|UN|15|0,1|0,45|
|C425|051320|1|UN|1115|7,25|33,45|
|C425|530090|1|UN|149|0,97|4,47|
|C425|650670|4|UN|24|0,16|0,72|
|C425|900143|1|UN|189|1,23|5,67|
|C425|901940|1|UN|19|0,12|0,57|
|C425|040550|1|UN|159|1,03|4,77|
|C425|650540|1|UN|29|0,19|0,87|
|C425|180550|1|UN|539|3,5|16,17|
|C425|200530|2|UN|358|2,33|10,74|
|C425|180870|1|UN|359|5,92|27,28|
|C425|330090|1|UN|119|0,77|3,57|
|C425|330250|1|UN|99|0,64|2,97|
|C425|150040|2|UN|118|0,77|3,54|
|C425|501300|1|UN|5|0,03|0,15|
|C490|000|5102|17|18755|18755|3188,35||
|C405|23122011|1|1481|30005|12196519,47|12947|
|C420|01T1700|12882|1||
|C425|840831|1|UN|69|0,45|2,07|
|C425|903161|1|UN|119|0,77|3,57|
|C425|090380|1|UN|49|0,32|1,47|
|C425|180750|1|UN|1899|12,34|56,97|
|C425|890500|2|UN|198|1,28|5,94|
|C425|090400|2|UN|95|0,62|2,85|
|C425|160170|1|UN|199|1,29|5,97|
|C425|150040|1|UN|59|0,38|1,77|
|C425|840050|1|UN|29|0,19|0,87|
|C425|090370|1|UN|179|1,16|5,37|
|C425|290053|1|UN|199|1,29|5,97|
|C425|840840|1|UN|55|0,36|1,65|
|C425|950400|1|UN|399|2,59|11,97|
|C425|841104|1|UN|22|0,14|0,66|
|C425|903160|1|UN|59|0,38|1,77|
|C425|910190|1|UN|12|0,08|0,36|
|C425|970430|1|UN|13|0,08|0,39|
|C425|290210|3|UN|1017|6,62|30,51|
|C425|900431|1|UN|22|0,14|0,66|
|C425|100200|1|UN|379|2,46|11,37|
|C425|040360|1|UN|400|2,6|12|
|C425|650720|2|UN|16|0,1|0,48|
|C425|290080|1|UN|99|0,64|2,97|
|C425|180280|1|UN|89|0,58|2,67|
|C425|104030|4|UN|40|0,26|1,2|
|C425|680820|1|UN|45|0,29|1,35|
|C425|040123|1|UN|650|4,23|19,5|
|C425|031170|1|UN|1668|10,84|50,04|
|C425|290220|1|UN|75|0,49|2,25|
|C425|650071|5|UN|20|0,13|0,6|
|C425|650710|1|UN|10|0,07|0,3|
|C425|180190|1|UN|579|3,76|17,37|
|C425|031260|1|UN|579|3,76|17,37|
|C425|270030|1|UN|769|5|23,07|
|C425|890540|1|UN|499|3,24|14,97|
|C425|030363|1|UN|1044|6,79|31,32|
|C425|680920|1|UN|13|0,08|0,39|
|C425|810861|2|UN|38|0,25|1,14|
|C425|900331|1|UN|49|0,32|1,47|
|C425|250520|1|UN|999|6,49|29,97|
|C425|090420|1|UN|129|0,84|3,87|
|C420|N1|65|||
|C425|690330|13|UN|65|0,42|1,95|
|C490|000|5102|17|12882|12882|2189,94||
|C490|041|5102|0|65|0|0||
|C405|24122011|1|1482|30024|12204839,47|8320|
|C420|01T1700|8320|1||
|C425|970610|2|UN|28|0,18|0,84|
|C425|740300|1|UN|6|0,04|0,18|
|C425|690330|2|UN|10|0,17|0,76|
|C425|790100|2|UN|50|0,32|1,5|
|C425|150420|1|UN|99|0,64|2,97|
|C425|180750|1|UN|950|6,18|28,5|
|C425|902650|1|UN|119|0,77|3,57|
|C425|050610|1|UN|800|5,2|24|
|C425|840640|1|UN|12|0,08|0,36|
|C425|970640|1|UN|39|0,25|1,17|
|C425|100160|1|UN|469|3,05|14,07|
|C425|650670|4|UN|24|0,16|0,72|
|C425|650510|1|UN|13|0,08|0,39|
|C425|060340|1|UN|220|1,43|6,6|
|C425|902111|1|UN|499|3,24|14,97|
|C425|502300|1|UN|24|0,16|0,72|
|C425|100210|2|UN|720|4,68|21,6|
|C425|100063|1|UN|290|1,89|8,7|
|C425|030113|1|UN|2600|16,9|78|
|C425|900291|2|UN|98|0,64|2,94|
|C425|030103|1|UN|1250|8,13|37,5|
|C490|000|5102|17|8320|8320|1414,4||
|C405|26122011|1|1483|30047|12215548,47|10709|
|C420|01T1700|10709|1||
|C425|180400|1|UN|539|3,5|16,17|
|C425|900057|1|UN|45|0,29|1,35|
|C425|521120|1|UN|55|0,36|1,65|
|C425|030093|1|UN|990|6,44|29,7|
|C425|520970|1|UN|10|0,07|0,3|
|C425|521010|1|UN|8|0,05|0,24|
|C425|180280|1|UN|89|0,58|2,67|
|C425|040383|1|UN|699|4,54|20,97|
|C425|180750|1|UN|1899|12,34|56,97|
|C425|650200|1|UN|39|0,25|1,17|
|C425|690313|1|UN|11|0,18|0,84|
|C425|031120|1|UN|949|6,17|28,47|
|C425|100160|1|UN|451|2,93|13,53|
|C425|810391|1|UN|19|0,12|0,57|
|C425|840840|1|UN|55|0,36|1,65|
|C425|220203|1|UN|1466|9,53|43,98|
|C425|180203|1|UN|379|2,46|11,37|
|C425|690300|1|UN|15|0,25|1,14|
|C425|810861|2|UN|38|0,25|1,14|
|C425|104020|3|UN|21|0,14|0,63|
|C425|810352|2|UN|30|0,2|0,9|
|C425|810923|2|UN|18|0,12|0,54|
|C425|040393|1|UN|999|6,49|29,97|
|C425|103121|4|UN|20|0,13|0,6|
|C425|120130|1|UN|48|0,31|1,44|
|C425|180550|1|UN|539|3,5|16,17|
|C425|290340|1|UN|59|0,38|1,77|
|C425|902111|1|UN|499|3,24|14,97|
|C425|890630|1|UN|159|1,03|4,77|
|C425|040013|1|UN|526|3,42|15,78|
|C425|330210|1|UN|35|0,23|1,05|
|C490|000|5102|17|10709|10709|1820,53||
|C405|27122011|1|1484|30064|12224770,47|9222|
|C420|01T1700|9222|1||
|C425|100063|2|UN|449|2,92|13,47|
|C425|710200|1|UN|19|0,12|0,57|
|C425|880080|1|UN|89|0,58|2,67|
|C425|850270|1|UN|49|0,32|1,47|
|C425|900521|1|UN|29|0,19|0,87|
|C425|902690|1|UN|22|0,14|0,66|
|C425|901200|1|UN|99|0,64|2,97|
|C425|900243|3|UN|36|0,23|1,08|
|C425|040453|1|UN|659|4,28|19,77|
|C425|890360|4|UN|596|3,87|17,88|
|C425|702020|1|UN|17|0,11|0,51|
|C425|900954|2|UN|36|0,23|1,08|
|C425|030573|1|UN|1077|7|32,31|
|C425|030970|1|UN|1537|9,99|46,11|
|C425|180190|1|UN|567|3,69|17,01|
|C425|690330|6|UN|30|0,5|2,28|
|C425|040123|1|UN|675|4,39|20,25|
|C425|501650|1|UN|45|0,29|1,35|
|C425|040520|1|UN|475|3,09|14,25|
|C425|160170|1|UN|199|1,29|5,97|
|C425|180270|1|UN|259|1,68|7,77|
|C425|290080|1|UN|99|0,64|2,97|
|C425|290220|1|UN|79|0,51|2,37|
|C425|900031|1|UN|89|0,58|2,67|
|C425|200370|1|UN|150|0,98|4,5|
|C425|950400|1|UN|180|1,17|5,4|
|C425|180550|1|UN|539|3,5|16,17|
|C425|890500|1|UN|99|0,64|2,97|
|C425|660090|1|UN|119|0,77|3,57|
|C425|660300|1|UN|229|1,49|6,87|
|C425|690300|12|UN|180|2,97|13,68|
|C425|690312|6|UN|72|1,19|5,47|
|C425|690313|6|UN|66|1,09|5,02|
|C425|890630|1|UN|159|1,03|4,77|
|C425|890520|1|UN|99|0,64|2,97|
|C425|890501|1|UN|99|0,64|2,97|
|C490|000|5102|17|9222|9222|1567,74||
|C405|28122011|1|1485|30086|12238262,47|13492|
|C420|01T1700|13492|1||
|C425|030123|1|UN|1366|8,88|40,98|
|C425|180780|1|UN|1099|7,14|32,97|
|C425|810832|1|UN|59|0,38|1,77|
|C425|812010|1|UN|17|0,11|0,51|
|C425|900203|4|UN|12|0,08|0,36|
|C425|051080|1|UN|900|5,85|27|
|C425|180470|1|UN|1399|9,09|41,97|
|C425|031020|1|UN|634|4,12|19,02|
|C425|330210|1|UN|69|0,45|2,07|
|C425|910610|1|UN|7|0,05|0,21|
|C425|900211|1|UN|8|0,05|0,24|
|C425|900213|1|UN|8|0,05|0,24|
|C425|900215|1|UN|8|0,05|0,24|
|C425|890520|1|UN|99|0,64|2,97|
|C425|030770|1|UN|1299|8,44|38,97|
|C425|090240|1|UN|59|0,38|1,77|
|C425|030333|1|UN|1829|11,89|54,87|
|C425|040520|1|UN|1059|6,88|31,77|
|C425|100063|1|UN|290|1,89|8,7|
|C425|180450|1|UN|422|2,74|12,66|
|C425|500160|1|UN|27|0,18|0,81|
|C425|030383|1|UN|1329|8,64|39,87|
|C425|040360|1|UN|419|2,72|12,57|
|C425|200510|1|UN|499|3,24|14,97|
|C425|100200|1|UN|184|1,2|5,52|
|C425|180420|1|UN|391|2,54|11,73|
|C490|000|5102|17|13492|13492|2293,64||
|C405|29122011|1|1486|30102|12244523,47|5931|
|C420|01T1700|5931|1||
|C425|090360|1|UN|49|0,32|1,47|
|C425|500010|1|UN|15|0,1|0,45|
|C425|501170|1|UN|5|0,03|0,15|
|C425|710270|1|UN|69|1,14|5,24|
|C425|902904|1|UN|8|0,05|0,24|
|C425|030393|1|UN|1320|8,58|39,6|
|C425|710360|2|UN|50|0,33|1,5|
|C425|090380|1|UN|49|0,32|1,47|
|C425|902250|1|UN|129|0,84|3,87|
|C425|902400|1|UN|99|0,64|2,97|
|C425|890341|1|UN|12|0,08|0,36|
|C425|120020|1|UN|99|0,64|2,97|
|C425|120080|1|UN|139|0,9|4,17|
|C425|330130|1|UN|219|1,42|6,57|
|C425|813360|1|UN|9|0,06|0,27|
|C425|031140|1|UN|1999|12,99|59,97|
|C425|104630|1|UN|39|0,25|1,17|
|C425|501140|1|UN|7|0,05|0,21|
|C425|900901|1|UN|9|0,06|0,27|
|C425|840432|1|UN|59|0,38|1,77|
|C425|980260|2|UN|18|0,3|1,37|
|C425|030353|1|UN|1200|7,8|36|
|C425|200530|1|UN|82|0,53|2,46|
|C425|330250|1|UN|46|0,3|1,38|
|C425|940460|1|UN|138|2,28|10,49|
|C425|104650|2|UN|18|0,12|0,54|
|C425|104660|3|UN|45|0,3|1,35|
|C490|000|5102|17|5931|5931|1008,27||
|C405|30122011|1|1487|30123|12249909,47|3157|
|C420|01T1700|3157|1||
|C425|120160|1|UN|49|0,32|1,47|
|C425|200210|1|UN|459|2,98|13,77|
|C425|910785|1|UN|69|0,45|2,07|
|C425|160170|1|UN|199|1,29|5,97|
|C425|890422|3|UN|237|1,54|7,11|
|C425|910784|1|UN|69|0,45|2,07|
|C425|180290|4|UN|228|1,48|6,84|
|C425|180203|1|UN|399|2,59|11,97|
|C425|330030|1|UN|129|0,84|3,87|
|C425|030910|1|UN|999|6,49|29,97|
|C425|290260|1|UN|49|0,32|1,47|
|C425|810861|4|UN|76|0,5|2,28|
|C425|903390|1|UN|14|0,09|0,42|
|C425|690312|2|UN|24|0,4|1,82|
|C425|690300|2|UN|30|0,5|2,28|
|C425|901000|1|UN|39|0,25|1,17|
|C425|650680|1|UN|6|0,04|0,18|
|C425|650670|3|UN|15|0,1|0,45|
|C425|650220|18|UN|54|0,35|1,62|
|C425|650170|2|UN|6|0,04|0,18|
|C425|650020|1|UN|7|0,05|0,21|
|C490|000|5102|17|3157|3157|536,69||
|C405|31122011|1|1488|30133|12251455,47|1546|
|C420|01T1700|1546|1||
|C425|030533|1|UN|490|3,19|14,7|
|C425|150040|1|UN|59|0,38|1,77|
|C425|290260|1|UN|49|0,32|1,47|
|C425|910710|2|UN|14|0,09|0,42|
|C425|180550|1|UN|539|3,5|16,17|
|C425|900082|1|UN|79|0,51|2,37|
|C425|760054|1|UN|49|0,32|1,47|
|C425|180920|1|UN|69|0,45|2,07|
|C425|890450|2|UN|198|1,29|5,94|
|C490|000|5102|17|1546|1546|262,82||
|C400|2D|ECF|BE0106SC56001133153|4|
|C405|01122011|1|1150|14713|11341267,1|4344|
|C420|01T1700|4344|1||
|C425|100040|1|UN|729|4,74|21,87|
|C425|101200|1|UN|79|0,51|2,37|
|C425|290290|1|UN|119|0,77|3,57|
|C425|890550|1|UN|229|1,49|6,87|
|C425|150040|1|UN|59|0,38|1,77|
|C425|903370|1|UN|99|0,64|2,97|
|C425|031130|1|UN|585|3,8|17,55|
|C425|031283|1|UN|945|6,14|28,35|
|C425|300160|1|UN|1500|9,75|45|
|C490|000|5102|17|4344|4344|738,48||
|C405|02122011|1|1151|14720|11343734,7|2467|
|C420|01T1700|2467|1||
|C425|040133|1|UN|769|5|23,07|
|C425|180790|1|UN|1500|9,75|45|
|C425|950310|1|UN|129|0,84|3,87|
|C425|680940|1|UN|69|0,45|2,07|
|C490|000|5102|17|2467|2467|419,39||
|C405|03122011|1|1152|14733|11345832,7|2098|
|C420|01T1700|2098|1||
|C425|051070|1|UN|1049|6,82|31,47|
|C425|150420|1|UN|109|0,71|3,27|
|C425|910785|1|UN|79|0,51|2,37|
|C425|813550|1|UN|39|0,25|1,17|
|C425|180280|1|UN|89|0,58|2,67|
|C425|890620|1|UN|219|1,42|6,57|
|C425|160110|1|UN|279|1,81|8,37|
|C425|910720|1|UN|60|0,39|1,8|
|C425|900872|1|UN|100|0,65|3|
|C425|910782|1|UN|75|0,49|2,25|
|C490|000|5102|17|2098|2098|356,66||
|C405|05122011|1|1153|14758|11364342,7|18510|
|C420|01T1700|18510|1||
|C425|030123|1|UN|1405|9,13|42,15|
|C425|160140|1|UN|189|1,23|5,67|
|C425|902430|1|UN|279|1,81|8,37|
|C425|813000|1|UN|70|0,46|2,1|
|C425|290250|1|UN|129|0,84|3,87|
|C425|970210|1|UN|39|0,25|1,17|
|C425|031170|1|UN|1750|11,38|52,5|
|C425|680940|1|UN|69|0,45|2,07|
|C425|030680|1|UN|572|3,72|17,16|
|C425|030810|1|UN|1100|7,15|33|
|C425|030760|1|UN|571|3,71|17,13|
|C425|030800|1|UN|792|5,15|23,76|
|C425|050993|1|UN|2463|16,01|73,89|
|C425|950470|1|UN|395|2,57|11,85|
|C425|100210|1|UN|167|1,09|5,01|
|C425|220223|1|UN|999|6,49|29,97|
|C425|950300|1|UN|99|0,64|2,97|
|C425|100063|1|UN|309|2,01|9,27|
|C425|100040|1|UN|729|4,74|21,87|
|C425|030100|1|UN|3099|20,14|92,97|
|C425|030460|1|UN|1399|9,09|41,97|
|C425|090240|1|UN|69|0,45|2,07|
|C425|120080|1|UN|149|0,97|4,47|
|C425|290190|1|UN|69|0,45|2,07|
|C425|903370|1|UN|99|0,64|2,97|
|C425|810861|1|UN|19|0,12|0,57|
|C425|901130|1|UN|85|0,55|2,55|
|C425|040470|1|UN|399|2,59|11,97|
|C425|180550|1|UN|539|3,5|16,17|
|C425|180203|1|UN|399|2,59|11,97|
|C425|330050|1|UN|59|0,38|1,77|
|C490|000|5102|17|18510|18510|3146,7||
|C405|07122011|1|1155|14777|11367912,7|3570|
|C420|01T1700|3570|1||
|C425|040173|1|UN|1049|6,82|31,47|
|C425|040440|1|UN|400|2,6|12|
|C425|100200|2|UN|798|5,18|23,94|
|C425|180550|1|UN|539|3,5|16,17|
|C425|880250|1|UN|179|1,16|5,37|
|C425|290220|1|UN|89|0,58|2,67|
|C425|180280|1|UN|99|0,64|2,97|
|C425|120050|1|UN|179|1,16|5,37|
|C425|120020|1|UN|99|0,64|2,97|
|C425|903140|1|UN|139|0,9|4,17|
|C490|000|5102|17|3570|3570|606,9||
|C405|08122011|1|1156|14786|11377234,7|9322|
|C420|01T1700|9322|1||
|C425|290053|1|UN|199|1,29|5,97|
|C425|030950|1|UN|949|6,17|28,47|
|C425|660341|1|UN|130|0,85|3,9|
|C425|910785|2|UN|158|1,02|4,74|
|C425|680940|1|UN|65|0,42|1,95|
|C425|290270|1|UN|88|0,57|2,64|
|C425|040250|1|UN|899|5,84|26,97|
|C425|180550|1|UN|539|3,5|16,17|
|C425|180770|1|UN|1149|7,47|34,47|
|C425|030443|1|UN|1229|7,99|36,87|
|C425|180273|1|UN|319|2,07|9,57|
|C425|030393|1|UN|1599|10,39|47,97|
|C425|030053|1|UN|1999|12,99|59,97|
|C490|000|5102|17|9322|9322|1584,74||
|C405|09122011|1|1157|14808|11382672,7|5438|
|C420|01T1700|5438|1||
|C425|330030|1|UN|129|0,84|3,87|
|C425|902450|1|UN|269|1,75|8,07|
|C425|200530|1|UN|179|1,16|5,37|
|C425|910785|2|UN|158|1,02|4,74|
|C425|040570|1|UN|229|1,49|6,87|
|C425|200390|1|UN|470|3,06|14,1|
|C425|120020|1|UN|109|0,71|3,27|
|C425|120120|1|UN|299|1,94|8,97|
|C425|330050|1|UN|59|0,38|1,77|
|C425|050683|1|UN|799|5,19|23,97|
|C425|040470|1|UN|389|2,53|11,67|
|C425|290190|1|UN|69|0,45|2,07|
|C425|100210|1|UN|379|2,46|11,37|
|C425|901130|1|UN|85|0,55|2,55|
|C425|290290|1|UN|119|0,77|3,57|
|C425|180273|1|UN|319|2,07|9,57|
|C425|040393|1|UN|999|6,49|29,97|
|C425|040413|1|UN|379|2,46|11,37|
|C490|000|5102|17|5438|5438|924,46||
|C405|12122011|1|1159|14839|11391303,7|8631|
|C420|01T1700|8631|1||
|C425|680360|1|UN|89|0,58|2,67|
|C425|330130|1|UN|229|1,49|6,87|
|C425|180280|1|UN|99|0,64|2,97|
|C425|330210|1|UN|79|0,51|2,37|
|C425|810060|1|UN|79|0,51|2,37|
|C425|330050|1|UN|49|0,32|1,47|
|C425|180580|1|UN|329|2,14|9,87|
|C425|120020|1|UN|109|0,71|3,27|
|C425|180270|1|UN|259|1,68|7,77|
|C425|100210|1|UN|379|2,46|11,37|
|C425|030910|1|UN|900|5,85|27|
|C425|031260|1|UN|539|3,5|16,17|
|C425|950300|2|UN|198|1,28|5,94|
|C425|030960|1|UN|799|5,19|23,97|
|C425|910784|1|UN|69|0,45|2,07|
|C425|180273|2|UN|638|4,14|19,14|
|C425|813000|1|UN|65|0,42|1,95|
|C425|900401|1|UN|130|0,85|3,9|
|C425|290290|1|UN|119|0,77|3,57|
|C425|100200|1|UN|389|2,53|11,67|
|C425|040393|1|UN|899|5,84|26,97|
|C425|040383|1|UN|699|4,54|20,97|
|C425|040053|1|UN|1239|8,05|37,17|
|C425|290250|2|UN|248|1,61|7,44|
|C490|000|5102|17|8631|8631|1467,27||
|C405|13122011|1|1160|14846|11395629,7|4326|
|C420|01T1700|4326|1||
|C425|040223|1|UN|1519|9,87|45,57|
|C425|040250|1|UN|859|5,58|25,77|
|C425|180510|1|UN|999|6,49|29,97|
|C425|030450|1|UN|949|6,17|28,47|
|C490|000|5102|17|4326|4326|735,42||
|C405|14122011|1|1161|14852|11400727,7|5098|
|C420|01T1700|5098|1||
|C425|030363|1|UN|1040|6,76|31,2|
|C425|030443|1|UN|1160|7,54|34,8|
|C425|040173|1|UN|1049|6,82|31,47|
|C425|031170|1|UN|1849|12,02|55,47|
|C490|000|5102|17|5098|5098|866,66||
|C405|15122011|1|1162|14878|11407553,7|6826|
|C420|01T1700|6826|1||
|C425|160180|1|UN|149|0,97|4,47|
|C425|813000|1|UN|79|0,51|2,37|
|C425|910810|1|UN|399|2,59|11,97|
|C425|901541|1|UN|59|0,38|1,77|
|C425|910785|2|UN|158|1,02|4,74|
|C425|840432|1|UN|69|0,45|2,07|
|C425|890520|1|UN|99|0,64|2,97|
|C425|330030|1|UN|129|0,84|3,87|
|C425|031110|1|UN|629|4,09|18,87|
|C425|840840|1|UN|55|0,36|1,65|
|C425|100030|1|UN|519|3,37|15,57|
|C425|105070|2|UN|450|2,93|13,5|
|C425|220143|1|UN|799|5,19|23,97|
|C425|180273|2|UN|638|4,14|19,14|
|C425|290250|1|UN|129|0,84|3,87|
|C425|330130|1|UN|220|1,43|6,6|
|C425|290220|1|UN|79|0,51|2,37|
|C425|950300|1|UN|99|0,64|2,97|
|C425|120090|1|UN|69|0,45|2,07|
|C425|040183|1|UN|850|5,53|25,5|
|C425|180770|1|UN|1149|7,47|34,47|
|C490|000|5102|17|6826|6826|1160,42||
|C405|16122011|1|1163|14882|11409972,7|2419|
|C420|01T1700|2419|1||
|C425|030830|1|UN|2419|39,91|183,84|
|C490|000|5102|17|2419|2419|411,23||
|C405|19122011|1|1165|14917|11420798,7|10826|
|C420|01T1700|10826|1||
|C425|090360|1|UN|69|0,45|2,07|
|C425|840980|1|UN|70|0,46|2,1|
|C425|903570|1|UN|69|0,45|2,07|
|C425|910785|1|UN|75|0,49|2,25|
|C425|500082|1|UN|49|0,32|1,47|
|C425|090420|1|UN|139|0,9|4,17|
|C425|950300|1|UN|90|0,59|2,7|
|C425|680940|1|UN|69|0,45|2,07|
|C425|090430|1|UN|59|0,38|1,77|
|C425|160130|1|UN|399|2,59|11,97|
|C425|840620|2|UN|118|0,76|3,54|
|C425|520200|1|UN|259|1,68|7,77|
|C425|680660|1|UN|69|0,45|2,07|
|C425|040570|1|UN|199|1,29|5,97|
|C425|970370|1|UN|45|0,29|1,35|
|C425|030900|1|UN|649|4,22|19,47|
|C425|812200|1|UN|79|0,51|2,37|
|C425|040123|1|UN|700|4,55|21|
|C425|040250|1|UN|899|5,84|26,97|
|C425|030770|1|UN|1299|8,44|38,97|
|C425|030100|1|UN|3000|19,5|90|
|C425|030383|1|UN|1199|7,79|35,97|
|C425|180270|1|UN|259|1,68|7,77|
|C425|910782|1|UN|70|0,46|2,1|
|C425|880180|1|UN|119|0,77|3,57|
|C425|890630|1|UN|159|1,03|4,77|
|C425|500084|1|UN|49|0,32|1,47|
|C425|040560|1|UN|319|2,07|9,57|
|C425|330250|1|UN|109|0,71|3,27|
|C425|120070|1|UN|139|0,9|4,17|
|C490|000|5102|17|10826|10826|1840,42||
|C405|20122011|1|1166|14929|11440266,7|19468|
|C420|01T1700|19468|1||
|C425|040133|1|UN|789|5,13|23,67|
|C425|250580|1|UN|1599|10,39|47,97|
|C425|030373|1|UN|1199|7,79|35,97|
|C425|030770|1|UN|1299|8,44|38,97|
|C425|180290|1|UN|119|0,77|3,57|
|C425|030123|2|UN|6399|41,59|191,97|
|C425|030553|1|UN|1049|6,82|31,47|
|C425|031160|2|UN|3537|22,99|106,11|
|C425|030030|1|UN|2899|18,84|86,97|
|C425|031260|1|UN|579|3,76|17,37|
|C490|000|5102|17|19468|19468|3309,56||
|C405|21122011|1|1167|14934|11440514,7|248|
|C420|01T1700|248|1||
|C425|090420|1|UN|139|0,9|4,17|
|C425|290080|1|UN|109|0,71|3,27|
|C490|000|5102|17|248|248|42,16||
|C405|22122011|1|1168|14945|11445298,7|4784|
|C420|01T1700|4784|1||
|C425|100040|1|UN|679|4,41|20,37|
|C425|180770|1|UN|999|6,49|29,97|
|C425|090430|1|UN|59|0,38|1,77|
|C425|120130|1|UN|49|0,32|1,47|
|C425|290190|1|UN|69|0,45|2,07|
|C425|030033|1|UN|1140|7,41|34,2|
|C425|030303|1|UN|949|6,17|28,47|
|C425|031150|1|UN|840|5,46|25,2|
|C490|000|5102|17|4784|4784|813,28||
|C405|23122011|1|1169|14965|11456374,7|11076|
|C420|01T1700|11076|1||
|C425|290220|1|UN|89|0,58|2,67|
|C425|330130|1|UN|229|1,49|6,87|
|C425|840432|1|UN|69|0,45|2,07|
|C425|500832|1|UN|49|0,32|1,47|
|C425|090400|1|UN|69|0,45|2,07|
|C425|840980|1|UN|75|0,49|2,25|
|C425|901940|1|UN|20|0,13|0,6|
|C425|901930|1|UN|15|0,1|0,45|
|C425|950300|1|UN|99|0,64|2,97|
|C425|030143|1|UN|1799|11,69|53,97|
|C425|040233|1|UN|2499|16,24|74,97|
|C425|250520|1|UN|999|6,49|29,97|
|C425|040520|1|UN|999|6,49|29,97|
|C425|040393|1|UN|999|6,49|29,97|
|C425|330090|1|UN|119|0,77|3,57|
|C425|030450|1|UN|899|5,84|26,97|
|C425|040133|1|UN|749|4,87|22,47|
|C425|040213|1|UN|1300|8,45|39|
|C490|000|5102|17|11076|11076|1882,92||
|C405|24122011|1|1170|14972|11457242,7|868|
|C420|01T1700|868|1||
|C425|100160|1|UN|469|3,05|14,07|
|C425|890520|1|UN|100|0,65|3|
|C425|180270|1|UN|250|1,63|7,5|
|C425|680020|1|UN|49|0,32|1,47|
|C490|000|5102|17|868|868|147,56||
|C405|26122011|1|1171|14979|11459295,7|2053|
|C420|01T1700|2053|1||
|C425|030143|1|UN|1800|11,7|54|
|C425|840433|1|UN|75|0,49|2,25|
|C425|680700|1|UN|29|0,19|0,87|
|C425|120070|1|UN|149|0,97|4,47|
|C490|000|5102|17|2053|2053|349,01||
|C405|27122011|1|1172|14993|11465345,7|6050|
|C420|01T1700|6050|1||
|C425|100200|1|UN|400|2,6|12|
|C425|840620|1|UN|59|0,38|1,77|
|C425|120090|1|UN|69|0,45|2,07|
|C425|330250|1|UN|109|0,71|3,27|
|C425|812800|1|UN|59|0,38|1,77|
|C425|040453|1|UN|599|3,89|17,97|
|C425|030900|1|UN|629|4,09|18,87|
|C425|040103|1|UN|1429|9,29|42,87|
|C425|030450|1|UN|949|6,17|28,47|
|C425|030950|1|UN|999|6,49|29,97|
|C425|040133|1|UN|749|4,87|22,47|
|C490|000|5102|17|6050|6050|1028,5||
|C405|28122011|1|1173|14998|11467140,7|1795|
|C420|01T1700|1795|1||
|C425|030013|1|UN|855|5,56|25,65|
|C425|030093|1|UN|940|6,11|28,2|
|C490|000|5102|17|1795|1795|305,15||
|C405|29122011|1|1174|15005|11472706,7|5566|
|C420|01T1700|5566|1||
|C425|100063|1|UN|290|1,89|8,7|
|C425|030630|1|UN|1439|9,35|43,17|
|C425|030433|1|UN|749|4,87|22,47|
|C425|180770|1|UN|999|6,49|29,97|
|C425|030093|1|UN|2089|13,58|62,67|
|C490|000|5102|17|5566|5566|946,22||
|C405|30122011|1|1175|15019|11479742,7|7036|
|C420|01T1700|7036|1||
|C425|090400|1|UN|50|0,33|1,5|
|C425|330050|1|UN|59|0,38|1,77|
|C425|330030|1|UN|139|0,9|4,17|
|C425|290290|1|UN|99|0,64|2,97|
|C425|090420|1|UN|125|0,81|3,75|
|C425|040173|1|UN|1049|6,82|31,47|
|C425|680940|1|UN|69|0,45|2,07|
|C425|040383|1|UN|699|4,54|20,97|
|C425|030130|1|UN|1899|12,34|56,97|
|C425|040223|1|UN|1519|9,87|45,57|
|C425|030460|1|UN|1329|8,64|39,87|
|C490|000|5102|17|7036|7036|1196,12||
|C405|31122011|1|1176|15025|11483870,7|4128|
|C420|01T1700|4128|1||
|C425|040173|1|UN|1000|6,5|30|
|C425|030333|1|UN|1729|11,24|51,87|
|C425|030460|1|UN|1399|9,09|41,97|
|C490|000|5102|17|4128|4128|701,76||
|C990|3207|
|D001|0|
|D100|0|1|800007265|08|00|U||002907||28112011|12122011|||456,81||2|456,81|0|0||||
|D190|000|2353||456,81|0|0|0||
|D100|0|1|800007034|08|00|U||003277||05122011|20122011|||60,00||2|60,00|0|0|60,00|||
|D190|041|2353||60,00|0|0|0||
|D100|0|1|800007034|08|00|U||003454||07122011|20122011|||80,41||2|80,41|0|0|80,41|||
|D190|041|2353||80,41|0|0|0||
|D100|0|1|800007265|08|00|U||003575||09122011|21122011|||203,06||2|203,06|0|0||||
|D190|000|2353||203,06|0|0|0||
|D100|0|1|800007265|08|00|U||003576||09122011|20122011|||160,25||2|160,25|0|0||||
|D190|000|2353||160,25|0|0|0||
|D100|0|1|800007265|08|00|U||003871||16122011|28122011|||120,55||2|120,55|0|0||||
|D190|000|2353||120,55|0|0|0||
|D100|0|1|800007265|08|00|U||003933||16122011|28122011|||810,33||2|810,33|0|0||||
|D190|000|2353||810,33|0|0|0||
|D100|0|1|800006976|08|00|U||024440||15122011|28122011|||218,53||2|218,53|218,53|15,30||||
|D190|000|2353|7,00|218,53|218,53|15,30|0||
|D100|0|1|800006976|08|00|U||024305||30112011|20122011|||80,46||2|80,46|80,46|5,63||||
|D190|000|2353|7,00|80,46|80,46|5,63|0||
|D100|0|1|800006984|08|00|UC||126726||26122011|26122011|||1257,30||2|1257,30|1257,30|150,88||||
|D190|000|2353|12,00|1257,30|1257,30|150,88|0||
|D100|0|1|800006984|08|00|UC||126745||21122011|29122011|||137,65||2|137,65|137,65|16,52||||
|D190|000|2353|12,00|137,65|137,65|16,52|0||
|D100|0|1|800006987|08|00|UC||184442||15122011|29122011|||938,40||2|938,40|938,40|65,69||||
|D190|000|2353|7,00|938,40|938,40|65,69|0||
|D100|0|1|800006984|08|00|U||124411||30112011|05122011|||1173,00||2|1173,00|1173,00|140,76||||
|D190|000|2353|12,00|1173,00|1173,00|140,76|0||
|D100|0|1|800006987|08|00|U||164607||27112011|12122011|||3421,20||2|3421,20|3421,20|239,48||||
|D190|000|2353|7,00|3421,20|3421,20|239,48|0||
|D100|0|1|800006985|08|00|UJ||187767||13122011|21122011|||397,05||2|397,05|397,05|27,79||||
|D190|000|2353|7,00|397,05|397,05|27,79|0||
|D100|0|1|28|08|00|U||059454||01122011|19122011|||399,08||2|399,08|399,08|27,94||||
|D190|000|2353|7,00|399,08|399,08|27,94|0||
|D100|0|1|800006985|08|00|U||881668||01122011|06122011|||904,00||2|904,00|904,00|63,28||||
|D190|000|2353|7,00|904,00|904,00|63,28|0||
|D100|0|1|800006989|08|00|U||881854||01122011|21122011|||326,80||2|326,80|326,80|22,88||||
|D190|000|2353|7,00|326,80|326,80|22,88|0||
|D100|0|1|800006989|08|00|U||883341||06122011|15122011|||235,83||2|235,83|235,83|16,51||||
|D190|000|2353|7,00|235,83|235,83|16,51|0||
|D100|0|1|800007150|57|00|3||000084720||28112011|12122011|0||778,35||1|778,35|0|0|778,35|||
|D190|000|2353||778,35|0|0|0||
|D100|0|1|800010774|57|00|1||000051545||15122011|28122011|0||155,48||1|155,48|0|0|155,48|||
|D190|000|2353||155,48|0|0|0||
|D100|0|1|800006987|08|00|U||181767||13122011|21122011|||3334,80||2|3334,80|3334,80|233,44||||
|D190|000|2353|7,00|3334,80|3334,80|233,44|0||
|D100|0|1|800010774|57|00|1||000049159||12122011|20122011|0||613,31||1|613,31|0|0|613,31|||
|D190|000|2353||613,31|0|0|0||
|D100|0|1|11363|57|00|1||000252944||07122011|15122011|0||99,58||1|99,58|0|0|99,58|||
|D190|000|2353||99,58|0|0|0||
|D100|0|1|800007266|57|00|1||000046699||03122011|15122011|0||366,21||1|366,21|366,21|43,95||||
|D190|000|2353|12,00|366,21|366,21|43,95|0||
|D100|0|1|800007257|08|00|U||003933||16122011|28122011|||810,33||1|810,33|0|0|810,33|||
|D190|000|2353||810,33|0|0|0||
|D100|0|1|100004676|08|00|U||489463||06122011|16122011|||178,47||1|178,47|0|0|178,47|||
|D190|000|2353||178,47|0|0|0||
|D100|0|1|800007257|08|00|U||002907||28112011|12122011|||456,81||1|456,81|0|0|456,81|||
|D190|000|2353||456,81|0|0|0||
|D100|0|1|800007257|08|00|U||003575||09122011|20122011|||203,06||1|203,06|0|0|203,06|||
|D190|000|2353||203,06|0|0|0||
|D100|0|1|800007257|08|00|U||003576||09122011|20122011|||160,25||1|160,25|0|0|160,25|||
|D190|000|2353||160,25|0|0|0||
|D990|62|
|E001|0|
|E100|01122011|31122011|
|E110|116361,06|0|0|0|64974,03|0|31990,18|0|0|19396,85|0|19396,85|0|0|
|E111|CE020002|Crédito Antecipado|31990,18|
|E116|000|19396,85|20012012|1015|||||122011|
|E990|6|
|G001|1|
|G990|2|
|H001|1|
|H990|2|
|1001|0|
|1700|03|01|||120179|120188|201003857|
|1700|03|01|||120191|120200|201003857|
|1700|03|01|||120202|120236|201003857|
|1700|03|01|||120239|120239|201003857|
|1700|03|01|||120242|120275|201003857|
|1700|03|01|||120277|120283|201003857|
|1700|03|01|||120285|120293|201003857|
|1700|03|01|||120295|120299|201003857|
|1700|03|01|||120301|120305|201003857|
|1700|03|01|||120307|120314|201003857|
|1700|03|01|||120316|120338|201003857|
|1700|03|01|||120340|120341|201003857|
|1700|03|01|||120343|120345|201003857|
|1700|03|01|||120347|120372|201003857|
|1700|03|01|||120374|120389|201003857|
|1700|03|01|||120391|120393|201003857|
|1700|03|01|||120395|120406|201003857|
|1700|03|01|||120408|120408|201003857|
|1990|20|
|9001|0|
|9900|0000|1|
|9900|0001|1|
|9900|0005|1|
|9900|0100|1|
|9900|0150|86|
|9900|0190|5|
|9900|0200|798|
|9900|0220|19|
|9900|0500|1|
|9900|0990|1|
|9900|C001|1|
|9900|C100|344|
|9900|C170|1231|
|9900|C190|348|
|9900|C400|2|
|9900|C405|51|
|9900|C420|53|
|9900|C425|1123|
|9900|C490|53|
|9900|C990|1|
|9900|D001|1|
|9900|D100|30|
|9900|D190|30|
|9900|D990|1|
|9900|E001|1|
|9900|E100|1|
|9900|E110|1|
|9900|E111|1|
|9900|E116|1|
|9900|E990|1|
|9900|G001|1|
|9900|G990|1|
|9900|H001|1|
|9900|H990|1|
|9900|1001|1|
|9900|1700|18|
|9900|1990|1|
|9900|9001|1|
|9900|9900|41|
|9900|9990|1|
|9900|9999|1|
|9990|44|
|9999|4257|
