|0000|004|1|01042011|30042011|MARK C A COMERCIO DISTRIBUIDORA E IMPORTACAO LTDA|07324443000187||CE|061798924|2304400|||B|1|
|0001|0|
|0005|MARK|60351364|AV CEL CARVALHO|2978||OLAVO OLIVEIRA|8530212896|8532272896|companynordeste@hotmail.com|
|0100|JOSE IVAN COELHO DE ALMEIDA|01567039391|003048||60120340|RUA PROFESSOR CARVALHO|4136||SAO JOAO TAUAPE|8530212896|8532272896|jivancontabil1950@gmail.com|2304400|
|0150|1000|JOSE ERNESTO DE SOUSA COSTA|1058|63489009000128||068898118|2301109||RUA BARRO DE MESSEJANA|1023||CENTRO|
|0150|1020|FRANCISCO GERIVAL PINTO|1058|02315542000189||062647903|2302701||AV 7 DE SETEMBRO|413||CENTRO|
|0150|1040|JOAO RODRIGUES DA SILVA NETO - ME|1058|07820913000101||060053593|2302701||RUA- BARBARA PEREIRA DE ALENCAR|078||CENTRO|
|0150|1061|FRANCISCO WILLIAM CAVALCANTE SILVA|1058|07795172000148||069782830|2305506||RUA 23 DE NOVEMBRO|203||CENTRO|
|0150|1513|GERBSON M DE GOES MICROEMPRESA|1058|02455015000170||062695045|2305506||RUA MAELETE CORTEZ|330||MORENAO|
|0150|1536|FABIO VIEIRA DE ALENCAR|1058|12228730000123||060796090|2302701||RUA JOAO SEVERO CORTEZ|909||CENTRO|
|0150|1546|WELLINGTON DE SOUSA SA ME|1058|73740961000106||069206627|2307502||RUA PREFEITO WILSON SA|141||CENTRO|
|0150|1751|DALTON CORREIA DE OLIVEIRA|1058|03746017000180||062950940|2314003||AV VICENTE ALVES COSTA|313||CENTRO|
|0150|1923|MARIO NOGUEIRA PECAS ME|1058|05579544000173||066772524|2306900||RUA CONEGO MOURAO|190|A|CENTRO|
|0150|1927|ANTONIO FERREIRA DE ALMEIDA|1058|01156481000191||069710589|2300309||AV. CAZUZINHA MARQUES|101||CENTRO|
|0150|1942|MICHEL PLATINI GONCALVES F DE OLIVEIRA M|1058|05125733000176||066673313|2314003||RUA ANTONIO ALVES LIMA|856||JUREMAL|
|0150|2133|AUGE MOTOS LTDA|1058|00937829000115||069639302|2304400||AV. BEZERRA DE MENEZES||1665|SAO GERARDO|
|0150|2485|CIL COMERCIO DE INFORMATICA LTDA|1058|24073694000589||062639579|2304400||RD RODOVIA BR 116 - KM 6|2555||Cajazeiras|
|0150|2607|INDAIA BRASIL AGUAS MINERAIS LTDA|1058|00048785000334||068295359|2304400||R:ANTONIO NOGUEIRA 271/278 LAGOA REDONDA||271/278|LAGOA REDONDA|
|0150|2733|RAIMUNDO NONATO PEREIRA MOTOPECAS ME|1058|07891440000125||061920916|2302701||AV SETE DE SETEMBRO|196||CENTRO|
|0150|2743|FRANCISCO HELIO ALVES CABRAL ME|1058|07893491000196||061932795|2307502||RUA HILDA AUGUSTO|196||CENTRO|
|0150|2831|MULTI MOTOS PECAS LTDA|1058|41425042000151||069006385|2304400||RUA CLARINDO DE QUEIROZ|848||CENTRO|
|0150|3034|J ERBENIO PEREIRA ME|1058|00741080000136||069673489|2300309||RUA PEDRO ALVES|248||CENTRO|
|0150|3080|FRANCISCO ANTONIO CARVALHO ME|1058|06097452000110||066884381|2311801||PRACA DO MERCADO|06||CENTRO|
|0150|3245|ELETROMOTOS COM DE PECAS LTDA EPP|1058|04031730000100||063022192|2304400||RUA CAPITAO NESTOR GOIS|332||VILA ELLERY|
|0150|3301|ANTONIO FIALHO DE OLIVEIRA ME|1058|06959936000120||068133766|2306900||TRAVESSA TENENTE BARREIRA|027||CENTRO|
|0150|3405|A ISMAR DO NASCIMENTO|1058|07881447000166||061922480|2300309||RUA PEDRO ALVES DE OLIVEIRA|430||CENTRO|
|0150|3432|O MESMO|1058||||||||||
|0150|3446|ANTONIO ANDRE ALECRIM ME|1058|08468475000119||062021281|2300309||AV PEDRO ALVES DE OLIVEIRA|40|(sem complemento)|CENTRO DE ACOPIARA|
|0150|3687|CERAM. VELAS IGNICAO NGK DO BRASIL LTDA|1058|52541760000100||454036318111|3530607||ROD. PROF. ALFREDO R.DE MOURA||KM 61|COCUERA|
|0150|3691|PHILIPS ELETRONICA DO NORDESTE S/A||10918175000136||000219622|2607901||Rua Riachao||807  Modulo 4B|Bairro Prazeres|
|0150|3698|F J ROBERTO GONCALVES SAMPAIO EPP|1058|01870269000191||069885800|2309607||RUA CONEGO EDUARDO ARARIPE|1672||CENTRO|
|0150|3700|HORI COM DE PECAS ACESSORIOS E SERVICOS|1058|07316792000157||061790567|2304400||RUA GAL CLARINDO DE QUEIROZ|1101||CENTRO|
|0150|3702|ANA MARIA DE OLIVEIRA TELES ME|1058|04659393000109||060707232|2300754||AV SAO FRANCISCO|383||CENTRO|
|0150|3704|L G L COMERCIO DE MOTO PECAS LTDA ME|1058|07188440000163||061831590|2304400||GAL CLARINDO DE QUEIROZ|1006|A|CENTRO|
|0150|3705|JOSE ORLANDO DE SOUSA MOTOS ME|1058|06111697000154||066903670|2304251||VILA CAJUEIRINHO||S/N|ZONA RURAL|
|0150|3707|JOSE NILTON DE SOUZA ME|1058|03882758000199||060569557|2307809||RUA PRESIDENTE MEDICI|450||CENTRO|
|0150|3708|ANTONIO CARLOS CARNEIRO PECAS ME|1058|04046476000114||063088223|2312007||RUA DR MANUEL JOAQUIM|602||CENTRO|
|0150|3709|CLEUDIANO DE PAULA MENDONCA ME|1058|05542504000157||066763630|2313559||RUA PEDRO LEITAO|291||CENTRO|
|0150|3713|MARCO FABIO DA COSTA TEIXEIRA ME|1058|07507884000114||061837083|2307650||AV 12 JEREISSATI|134|A|CONJUNTO JEREISSATI|
|0150|3714|FRANCISCO NEY DE ALMEIDA SIQUEIRA ME|1058|05771594000158||066812801|2312700||RUA FRANCO MAGALHAES||S/N|CENTRO|
|0150|3715|SANTOS E GOMES AUTOPECAS LTDA ME|1058|00255378000136||068782780|2313203||RUA DR JOSE RANGEL BORGES|088||CENTRO|
|0150|3720|ANTONIO REGINALDO TEIXEIRA MOTA|1058|01614464000150||069814139|2304400||RUA CLARINDO DE QUEIROZ|966||CENTRO|
|0150|3722|ARGEMIRO DIAS DE OLIVEIRA ME|1058|03268884000158||062844970|2301604||RUA TERTULIANO CATONHO|017||CENTRO|
|0150|3723|FRANCISCO AURIMAR CUNHA FONTENELE|1058|23708720000101||060887990|2304103||RUA. DR. MOREIRA DA ROCHA|998||CENTRO|
|0150|3725|J B VASCONCELOS PECAS P/BICICLETAS|1058|02399948000197||062636740|2304400||RUA BOM JESUS|1408||BOM JARDIM|
|0150|3726|JOAO BATISTA COSTA MARTINS ME|1058|05444174000167||066741831|2306553||AVENIDA RIOS|097||CENTRO|
|0150|3727|VALDECIR DE OLIVEIRA MENDES|1058|09120717000141||062154311|2305605||RUA ALEXANDRE BONFIM|105||CENTRO|
|0150|3734|ANTONIO GECILEIDE DE LIMA OLIVEIRA|1058|00402444000153||069459789|2304400||AV CEL CARVALHO|1145||BARRA DO CEARA|
|0150|3735|FRANCINETE SOARES DE OLIVEIRA PECAS ME|1058|03681499000219||066785936|2309409||RUA DEOCLECIANO ARAGAO|330|(sem complemento)|CENTRO DE NOVO ORIENTE|
|0150|3738|J CORDEIRO LIMA PECAS ME|1058|05467294000180||066746744|2311264||RUA TENENTE JOSE LOPES||S\N|CENTRO|
|0150|3741|MARIA FREIRES CAETANO|1058|06188548000193||066962552|2304400||RUA PIERRE LUZ|1112||QUINTINO CUNHA|
|0150|3743|EDMAR BARRETO FILHO EPP|1058|72411614000177||069192952|2307601||RUA ESTEVAO REMIGIO DE FREITAS|995||CENTRO|
|0150|3747|J R BEZERRA DE OLIVEIRA ME|1058|23550239000130||060515961|2308708||RUA FRANCISCO MONTEIRO MAIA|238||CENTRO|
|0150|3749|RAFAEL CORDEIRO ALVES ME|1058|08786604000117||062075438|2307650||RUA 40|020|A|CONJUNTO JEREISSATI|
|0150|3751|W M MARQUES NETO ME|1058|03311844000141||062842552|2313351||RUA- MAMEDE RODRIGUES TEIXEIRA|365||CENTRO|
|0150|3752|ERISBERTO AGUIAR DAMASCENO|1058|06243528000178||066913039|2309706||RODOVIA CE 060|11424||PARQUE ARATANHA|
|0150|3756|J DE PAULA COSTA|1058|09015411000125||062130625|2303709||RUA PEDRO GOMES DA ROCHA||S/N|C A G VIRGILIO TAVOR|
|0150|3757|F J TAVARES MENDONCA|1058|03669590000138||062930044|2308302||RUA MARCELINO LEITE|033||CENTRO|
|0150|3761|MANOEL ARY GUABIRABA FREIRE|1058||74144650391||2312502||RUA PEDRO PAULO|369||CENTRO|
|0150|3764|VITAL IVO JUNIOR|1058|02836791000110||062734385|2307601||RUA ANISIO BATISTA|336||CENTRO|
|0150|3767|F BIZERRA NOBRE ME|1058|63373864000179||060998555|2313104||RUA BATISTA MAIA||S/N|CENTRO|
|0150|3768|EDILEIDE DE LIMA MARCELINO ME|1058|08462804000114||062020870|2307304||AV CASTELO BRANCO|1320||PIRAJA|
|0150|3770|J R DE PAIVA|1058|63400857000119||068849818|2304400||AV A|1520||CONJ. CEARA|
|0150|3771|C R B NOGUEIRA PECAS|1058|01714234000163||069847142|2307304||RUA JOSE MARROCOS|892||SALESIANO|
|0150|3773|ANDERSON MOTA BASTOS ME|1058|05184646000190||066683823|2307650||ROD DOUTOR MENDEL STEINBRUCH|9805||PARQUE TROPICAL|
|0150|3774|R LEITE MORAIS - ME|1058|00909185000151||060646110|2304251||RUA MIGUEL INACIO|435||CENTRO|
|0150|3782|DARIO JUNIOR BRITO CALIXTO ME|1058|08155872000130||061968153|2303204||RUA MESTRE NECO|264|TERREO|MESTRE NECO|
|0150|3798|GEYSE MAIA DA COSTA|1058||53395085368||2313104||RUA MAIA ALACON|471||CENTRO|
|0150|3799|JOSEFA GONCALVES DA SILVA EPP|1058|04252999000117||063062607|2304400||RUA PEDRO CARDONIO UCHOA||42|BOM SUCESSO|
|0150|3808|JOSE DENIS ALVES LOPES|1058|07687464000167||061881333|2301000||RUA OTONI SA|016||CENTRO|
|0150|3809|CLAUDETE FERREIRA MORAES EPP|1058|03003996000187||062769456|2304400||AV MOZART PINHEIRO LUCENA|2761||ANTONIO BEZERRA|
|0150|3817|MAURO CAVALCANTE ALVES ME|1058|05215295000137||066710405|2313203||RUA JOAQUIM DE MACEDO MELO|110||CENTRO|
|0150|3821|J M MONTEIRO DE OLIVEIRA ME|1058|02754103000172||062710788|2304400||AV CASTELO BRANCO|5926||BARRA DO CEARA|
|0150|3824|M A G DE SIQUEIRA VEICULOS|1058|08067507000174||061973750|2303709||AV CONTORNO LESTE|512||NOVA METROPOLE|
|0150|3990|DUAS BARRAS IND˙STRIA DE MOTO PEÁAS LTDA|1058|97452841000171||84769126|3301603||Rua Orlando Pagnuzzi||93|Centro|
|0150|3996|SIVERST INDUSTRIA DE COMPONENTES AUTOMOT|1058|88789698000117||0240102746|4304606||RUA BERTO CIRIO|1480|CX POSTAL 193|SAO LUIS|
|0150|3997|PST ELETRONICA LTDA|1058|84496066000104||062001400|1302603||Av. Acai|2045|Lote 2.2|Distrito Industrial|
|0150|4034|KS PRODUTOS AUTOMOTIVOS LTDA|1058|01174144000127||482098262110|3533403||Rodovia Arnaldo Julio Mauerberg|4000|Bloco 01|Distrito Industrial 01|
|0150|4086|GVS SPORT INDUSTRIA E COMERCIO DE PECAS|1058|04719725000195||433103674115|3528502||ESTRADA MUNICIPAL|1840|(sem complemento)|JUNDIAIZINHO|
|0150|4133|MOTO PECAS LEAO DE JUDA LTDA ME|1058|03828413000157||062967398|2313401||RUA MADALENA NUNES|433||CENTRO|
|0150|4152|ERICO DIMITROV CARDONHA UCHOA|1058|04438847000103||063111713|2304400||RUA SALGADO FILHO|353||ANTONIO BEZERRA|
|0150|4155|MARCOS ANTONIO NOGUEIRA PEREIRA ME|1058|02513189000141||062661965|2304400||RUA CLARINDO DE QUEIROZ|954|A|CENTRO|
|0150|4161|LENNINY MOREIRA PESSOA|1058||37179004391||2304400||AV CORONEL CARVALHO|2569||JARDIM IRACEMA|
|0150|4178|DOUGLAS FREITAS FONSECA|1058|00469174000106||069581657|2304400||AV MOZART PINHEIRO DE LUCENA|2468||QUINTINO CUNHA|
|0150|4182|DEUSDETE CUNHA E SILVA ME|1058|04506958000100||063119110|2310258||RUA FLAVIO GRANJEIRO 21||.|CENTRO|
|0150|4185|JORGEVAL DE S BEZERRA MOTA EPP|1058|01701736000150||069868085|2303600||RUA EZEQUIEL DOMINGUES|056||CENTRO|
|0150|4188|TD COM DE PECAS E SERV P/ MOTOS LTDA ME|1058|04916361000133||066640938|2307809||AV NEVES OSTERNO||732/3|CENTRO|
|0150|4192|ESTERLANIO G SAMPAIO ME|1058|05168111000125||066683688|2303501||AV CHANCELER EDSON QUEIROZ|2462||RIO NOVO|
|0150|4201|CAVALCANTE E RODRIGUES COMERCIO DE PECAS|1058|05670291000149||066791715|2304400||RUA OSCAR ARARIPE|1637||BOM JARDIM|
|0150|4205|CARLOS ALBERTO A OLIVEIRA|1058|00119656000128||069304874|2304400||AV FRANCISCO SA|6079||BARRA DO CEARA|
|0150|4212|MOTAO PECAS P/ MOTOS LTDA|1058|01897664000168||069883386|2306306||RUA. MAJOR BARRETO|999||CENTRO|
|0150|4215|AUTOPECAS FREIRES LTDA ME|1058|05936173000130||066845769|2306405||AV JOSE DO PATROCINIO|1442||COQUEIRO|
|0150|4220|JOSE WANDERLEY M MEDEIROS ME|1058|05678422000134||066791723|2304400||RUA VITAL BRASIL|1856|LOJA 03|GRANJA PORTUGAL|
|0150|4221|F J G SAMPAIO EPP|1058|03480730000125||062888609|2305233||RUA FRANCISCO RAIMUNDO DE SOUSA|127||CENTRO|
|0150|4228|ADIEL DE CARVALHO NETO ME|1058|02205993000163||069965811|2311405||RUA BOUGEVAL LEAO|906||CENTRO|
|0150|4230|JURA MOTOS LTDA ME|1058|05510475000141||066887100|2304400||RUA CLARINDO DE QUEIROZ|918||CENTRO|
|0150|4231|MOTO CENTER LTDA|1058|41436635000113||069003041|2304400||CLARINDO DE QUEIROZ|1106||CENTRO|
|0150|4248|M M LIMA MOTOS ME|1058|05572114000120||060533994|2313401||RUA DONA MADALENA NUNES|576||CENTRO|
|0150|4265|J C CARVALHO PNEUS|1058|04757215000102||063173573|2310308||RUA PEDRO ALVES DA COSTA S/N||.|CENTRO|
|0150|4267|J G DE SOUSA PARENTE|1058|04102906000178||121789748|2101202||RUA GETULIO VARGAS|665||CENTRO|
|0150|4281|JOSE SAMUEL DOS SANTOS OLIVEIRA ME|1058|04547588000159||063129523|2306553||RUA JOAO BATISTA RIOS||S/N VIZ A SILVIA|CENTRO|
|0150|4285|DAIANE MARIA COSTA FURTADO|1058|04074127000106||063023075|2306553||AV JOAO BATISTA RIOS SN||S/N|CENTRO|
|0150|4291|JOSE LEOMAR BARBOSA LIMA|1058|63561252000100||060447273|2301109||RUA CEL ALEXANDRINO|1568|(sem complemento)|CENTRO DE ARACATI|
|0150|4301|KATIA MARIA PEREIRA DOS SANTOS ME|1058|07137927000117||061779369|2303204||RUA CARLOS MORAIS||913|NOVO MILENIO|
|0150|4305|JORGE DE CASTRO BOMFIM NETO ME|1058|05232371000112||066689910|2304400||AV GAL OSORIO DE PAIVA|2246||BOM SUCESSO|
|0150|4312|JOAO HONORIO DA SILVA PECAS|1058|06991291000103||066973732|2301604||AV SAO FRANCISCO|138||CENTRO|
|0150|4313|BEZERRA E MARTINS LTDA|1058|07582612000189||060007516|2304202||RUA SENADOR POMPEU|024|A|CENTRO|
|0150|4319|JOSE AIRTON SALES PROTASIO|1058||14568241391||2305209||RUA GERCI MACIEL DE FRANCA|350||CENTRO|
|0150|4328|IRANILDO AMARO DOS SANTOS ME|1058|41329111000123||066762359|2304202||RUA ALMIRANTE ALEXANDRINO|900||CENTRO|
|0150|4332|RITA DE KASIA ARAUJO ME|1058|01026014000147||069676054|2310258||RUA MARIA MOREIRA|282||CENTRAL|
|0150|4337|DAMIAO CARDOSO MOTOPECAS|1058||||2302503||AV JOAO INACIO DE LUCENA|36|(sem complemento)|CENTRO DE BREJO SANTO|
|0150|4338|M D NICODEMOS LUCENA|1058|03420646000116||062872982|2302503||AV JOAO INACIO DE LUCENA|1330||CENTRO|
|0150|4339|JOSE MAGALHAES LIMA MICROEMPRESA|1058|04851664000115||063208156|2313807||RUA FARMACEUTICO JOSE RODRIGUES|219||CENTRO|
|0150|4356|P S S GUEDES ME|1058|00844641000122||067017568|2307650||AV CONTORNO NORTE SQN|023||CONJUNTO INDUSTRIAL|
|0150|4366|LEODEGARIO GUERRA NETO ME|1058|00477355000176||069505276|2306009||RUA ANASTACIO PAZ|092||CENTRO|
|0150|4367|TAURINO GONCALVES AMORIM|1058|03239276000115||062833723|2310308||RUA SAO FRANCISCO|278||CAIXA D AGUA|
|0150|4369|MANOEL MESSIAS VASCONCELOS JUNIOR ME|1058|04438862000151||066682495|2312007||RUA NONATO ARCANJO|97|(sem complemento)|CENTRO DE SANTANA DO ACARAU|
|0150|4376|F J B M TELES ME|1058|03781825000189||062963953|2300754||RUA PADRE PEDRO VITORAIANO|725|B|CENTRO|
|0150|4378|MARIA LUZANIRA AUPERES MARTINS ME|1058|03598493000100||062932578|2301950||RUA BOANERGES JACO|1048||CENTRO|
|0150|4388|MOTOPECAS JOCA BEZERRA|1058|10502201000140||060217480|2304400||AV ALBERTO MAGNO|1038||MONTESE|
|0150|4400|MOTOPECAS LOURENCO LTDA ME|1058|41414160000164||068916515|2313401||AV PREFEITO JAQUES NUNES|407||CENTRO|
|0150|4404|RETMOL RET PARA MOTOS LTDA|1058|23583719000106||068553803|2304400||RUA CLARINDO DE QUEIROZ||990|CENTRO|
|0150|4442|RAMALHO PECAS E ACESSORIOS PARA MOTOS LT|1058|63310007000120||068595999|2304400||AV PARANJANA|3120|LOJA 01|PARANGABA|
|0150|4466|VERA LUCIA BEZERRA AMARO ME|1058|03180756000158||062820168|2307106||CORONEL LUIS AIRES|118||CENTRO|
|0150|4467|FRANCISCO ALVES BEZERRA PECAS ME|1058|04679786000176||063155605|2304301||RUA ANTONIO FERNANDES LIMA|248||CENTRO|
|0150|4481|JOSE ADERLO BEZERRA DOS SANTOS ME|1058|69375426000126||069016518|2312403||RUA ERETIDES MARTINS|196||CENTRO|
|0150|4510|HEMELLY MOTOS COM PECAS E ACESS LTDA ME|1058|06110625000192||066888522|2304400||AV CARNEIRO DE MENDONCA|1646||JOQUEI CLUBE|
|0150|4517|M LUCILENE DOS REIS MELO ME|1058|01639995000106||069828458|2312304||RUA ARISTIDES BARRETO|321|(sem complemento)|CENTRO DE SAO BENEDITO|
|0150|4538|F R G FARIAS ME|1058|72201320000110||062737163|2307007||RUA SIMAO DE GOIS|02076||CENTRO|
|0150|4547|ANA GONCALVES SORIANO FILHA|1058|04963318000129||066656052|2313302||RUA MONS ODORICO DE ANDRADE|185||CENTRO|
|0150|4570|WASHINGTON LIMA DE FREITAS ME|1058|00693774000145||069589097|2301109||AGAPITO DOS SANTOS|286||CENTRO|
|0150|4594|CLEIDESON ALVES DA CRUZ|1058|04117419000189||063030772|2307304||RUA SAO PEDRO|2129||SANTA TEREZA|
|0150|4604|M Z ALVES MOTA ME|1058|05540639000183||066764556|2311264||ACADEMICO DEUSDETE PEDROSA|231||CENTRO|
|0150|4613|EDSON PEIXOTO MAIA|1058|41644832000128||069113807|2304400||R.JORNALISTA TOMAZ COELHO||00041|MESSEJANA|
|0150|4615|JUVENILO GOMES DE OLIVEIRA MS|1058|05771503000184||066832373|2311264||RUA TEN JOSE LOPES|187||CENTRO|
|0150|4620|V L DO NASCIMENTO MOTOS ME|1058|04654879000146||063146762|2313401||AV. PREF. JAKSON NUNES|405||CENTRO|
|0150|4626|MARIA APARECIDA DE SOUSA RAMOS|1058|07973204000158||161483224|2507507||AV CRUZ DAS ARMAS||3008|OITIZEIRO|
|0150|4632|WASHINGTON COLARES LISBOA|1058||41579313353||2304400||AV AUGUSTO DOS ANJOS|1992||PARANGABA|
|0150|4656|PIRAJA MOTOS E PECAS LTDA|1058|07610845000148||061921700|2307304||AV CASTELO BRANCO|1300||PIRAJA|
|0150|4658|CLEBIO PAIVA SAMPAIO ME|1058|04056245000191||063018225|2302404||RUA JOSE RANGEL DE ARAUJO|049||CENTRO|
|0150|4668|GERAL MOTOS COM. DE PE AS E ACESSORIOS L|1058|07240057000107||061796182|2304400||AV GAL OSORIO DE PAIVA|6106||CANINDEZINHO|
|0150|4672|SEVERINO DA LUZ NASCIMENTO ME|1058|08531501000106||160254299|2500304||RUA SIQUEIRA CAMPOS|37||CENTRO|
|0150|4681|ALEX GLEY TEOFILO LEMOS ME|1058|05045160000170||066653916|2304400||AVENIDA SARGENTO HERMINIO SAMPAIO|4303||PADRE ANDRADE|
|0150|4688|RAFAEL DE OLIVEIRA FILHO ME|1058|07899304000181||060707585|2300754||RUA PADRE PEDRO VITORINO|856||CENTRO|
|0150|4693|P E R MOTOPECAS E SERVICOS LTDA ME|1058|04292374000189||063076756|2307650||AV IX|066||JEREISSATE II|
|0150|4698|ROSANA GOMES FERREIRA|1058||56030088300||2303204||RUA CARLOS MORAIS.|174||CENTRO|
|0150|4700|JOAO P MENESES PECAS PARA MOTOCICLETAS M|1058|05615096000116||066781434|2305209||AV CLAUDIO CAMELO TIMBO|657||CENTRO|
|0150|4705|CLAUDIO VIEIRA LIMA ME|1058|63481683000166||066842310|2304400||AV CARAPINIMA|1575||BENFICA|
|0150|4713|TOP MOTOS COMERCIO DE MOTOS LTDA|1058|07062133000131||061923486|2304400||RUA QUINZE DE NOVEMBRO|996||MONTESE|
|0150|4714|ANTONIO CARLOS TEIXEIRA MOURA ME|1058|07456135000105||061825654|2304400||AV MAJOR ASSIS|1331||QUINTINO CUNHA|
|0150|4715|CICERO IRAILTON LEITE BARBOSA ME|1058|06130770000135||066890217|2301703||PRACA DA VITORIA|078||CENTRO|
|0150|4722|EPITACIO B BRAGA MS|1058|05919958000102||066851602|2307700||AV STENIO GOMES|198||PARQUE IRACEMA|
|0150|4724|MARIA MARLEUSA VIEIRA ME|1058|08017367000120||061945439|2304400||RUA COLETOR ANTONIO GADELHA||00165|MESSEJANA|
|0150|4727|OLINDA MOTOS PECAS E SERVICOS LTDA|1058|08536500000154||201026210|2408003||RUA FERREIRA ITAJUBA|716|(sem complemento)|SANTO ANTONIO|
|0150|4731|FRANCISCO ENILBERTO AGUIAR DAMASCENO|1058|08468451000160||062021524|2305332||RUA JOAO DUARTE|2109|(sem complemento)|CENTRO DE IBICUITINGA|
|0150|4736|VLADIMIR MARTINS DOS SANTOS PECAS ME|1058|07579401000197||061902268|2310704||RUA TETE BEZERRA,691 A||S/N|CENTRO|
|0150|4745|REGIANA CHAGAS ME|1058|08533178000100||062031775|2303501||RUA NOE VIANA|841||MODULO ESPORTIVO|
|0150|4753|CINTIA CRISTINA MENDONCA SOARES ME|1058|08545302000157||062037757|2307304||RUA DO SEMINARIO|830||SAO MIGUEL|
|0150|4765|JUSCIEUX PEREIRA WANDERLEY ME|1058|08617323000130||062041606|2303204||RUA MESTRE NECO|268||MESTRE NECO|
|0150|4769|G P MOTOS PECAS E ACESSORIOS LTDA|1058|08543739000151||062044249|2311405||RUA RAIMUNDO JACINTO LEAL|074||CENTRO|
|0150|4786|JOSE RONALDO LIMA SOUSA ME|1058|08721801000158||062067192|2309607||RUA JOAO FACUNDO|461||CENTRO|
|0150|4792|EDGAR PORFIRIO DA COSTA ME|1058|06317579000105||066933129|2313104||RUA MIGUEL VIANA DA COSTA|082||OLHO DAGUA DA BICA|
|0150|4795|ADRIANO DE SOUSA SANTOS MOTOPECAS ME|1058|05088274000106||066664250|2307304||RUA RUI BARBOSA|274||CENTRO|
|0150|4808|M SONHA F L COELHO ME|1058|08908986000104||062099230|2304103||RUA CORONEL TOTO|1361||CENTRO|
|0150|4815|LUCIANA MARIA MARTINS ARAGAO ME|1058|08943486000103||062107941|2307700||RUA NAPOLEAO LIMA|193||CENTRO|
|0150|4824|FRANCISCO EVANGELISTA DE ALENCAR|1058|02591761000190||062680781|2310308||RUA FCA CARVALHO NORONHA||S/N|CENTRO|
|0150|4826|A ALDGENIO ALENCAR COSTA ME|1058|05625174000163||066784174|2313302||RUA MONS ODORICO ANDRADE||201|CENTRO|
|0150|4828|YPIRANGA COMERCIAL DE MOTOS LTDA|1058|04362721000100||161311148|2507507||AV MAROQUINHA RAMOS||615|TORRE|
|0150|4846|ROSIVAL JOSE BASTOS ESPINDOLA|1058||28480066415||2302107||CE 121|121|KM01|CENTRO|
|0150|4853|DAKAR COM DE PECAS E ACESS P/ MOTOCICLETA LTDA ME|1058|04031796000109||063011069|2304400||RUA EDUARDO PORTO|111||MESSEJANA|
|0150|4861|M C BEZERRA FALCAO ME|1058|03933937000108||062992147|2310803||RUA CAPITAO CHAVIER|44|(sem complemento)|CENTRO DE PEREIRO|
|0150|4868|FRANCISCO FABIO FARIAS ABREU ME|1058|08488473000191||062027867|2313203||FRANCISCO M DE HOLANDA|375|LJ A|CENTRO|
|0150|4884|E P RODRIGUES ME|1058|04483826000100||063113619|2301208||JOAO FELIX DE SOUSA||02|CENTRO|
|0150|4887|LUIZ CARLOS SOUSA PECAS ME|1058|02290642000106||069969604|2304400||RUA ANDRE DALL OLLIO|707||PAPICU|
|0150|4890|F I GONCALVES QUEIROZ ME|1058|09135132000103||062165950|2304400||RUA CLARINDO DE QUEIROZ|1008|C|CENTRO|
|0150|4896|PORTAS E PORTOES AUTOMATICOS CELBRA LTDA|1058|02243374000163||069957908|2304400||R PEREIRA DE MIRANDA|512||PAPICU|
|0150|4897|FREDERICO AMORIM VIANA - ME|1058|63461065000154||066642590|2304400||AV. FRANCISCO SA||5197|CARLITO PAMPLONA|
|0150|4901|JOSE AIRTON FREITAS DA SILVA ME|1058|08931299000100||062108360|2302800||RUA EUCLIDES BARROSO|502||CENTRO|
|0150|4924|CARLOS BEZERRA DA SILVA ME|1058|08896272000123||062101323|2304400||AV GAL OSORIO DE PAIVA|6020||CANINDEZINHO|
|0150|4942|A C DE OLIVEIRA NETO ME|1058|05369480000186||066725747|2314102||RUA JOAO BENICIO FONTENELE|030||CENTRO|
|0150|4944|EFIGENIA MENDES GARCIA ME|1058|09414645000145||063601559|2301901||AV PAULO MAURICIO|227||VILA SANTO ANTONIO|
|0150|4946|ARTUR RENAN FREITAS DE QUEIROZ ME|1058|08982871000160||062123610|2304400||RUA EDUARDO PORTO|117||MESSEJANA|
|0150|4952|JOAO DO VALE MOTA ME|1058|09325013000105||063589516|2307650||CAPITAO VALDEMAR DE LIMA|260||CENTRO|
|0150|4956|VALDEMIR SENA LIMA ME|1058|03296650000114||062845594|2307700||AVENIDA TABATINGA||S/N|CENTRO|
|0150|4981|J D SOUSA GOMES MICROEMPRESA|1058|04602043000106||063147416|2307650||ROD DR MENDEL STEINBRUCH|9989||PAJUCARA|
|0150|4994|ANTONIA OLIVEIRA DE LIMA MOTA PECAS ME|1058|03956600000116||062998021|2309409||RUA SAO JOSE|334||CENTRO|
|0150|5005|JOSE AIRTON FERREIRA DA SILVA|1058||30017467349||2304400||RUA ATAULFO ALVES|896|ALTOS|JARDIM DAS OLIVEIRAS|
|0150|5033|A JHONE MENEZES DA SILVA|1058|09046357000185||062140701|2304400||RUA HENRIQUETA DE CASTRO|111||JARDIM DAS OLIVEIRAS|
|0150|5034|TEREZA CRISTINA DE FREITAS SAMPAIO ME|1058|10202683000113||063657465|2304400||AV MOZART LUCENA|2491||QUINTINO CUNHA|
|0150|5036|JOAO BATISTA DE AZEVEDO MERCEARIA ME|1058|00189870000150||069306036|2304400||AV FRANCISCO SA|5154||ALVARO WEYNE|
|0150|5040|MUNDIAL COMERCIO DE MOTOS LTDA|1058|09043312000157||062166387|2304400||AV JORN THOMAS COELHO|720|(sem complemento)|MESSEJANA|
|0150|5045|JAIR GOMES COELHO|1058|09427156000128||063599759|2307650||RUA 114|540|LOJA D|TIMBO|
|0150|5047|WAGNER GONCALVES HOLANDA|1058|10190301000189||063659476|2304202||RUA TRISTAO GONCALVES|101|B|CENTRO|
|0150|5052|ADILSON VIDAL LIMA|1058||82149259320||2311801||RUA ANTONIO MENDES|998||FLORES|
|0150|5053|MARIA DA CONCEICAO DE SOUSA MOTOS ME|1058|10189547000130||063657899|2304400||RUA EDUARDO PORTO|147|A|MESSEJANA|
|0150|5058|FRANCINEUDO DE ALBUQUERQUE NOGUEIRA ME|1058|12254868000105||063574780|2304400||R VITAL BRASIL|2919||CONJ.CEARA|
|0150|5070|DIOVANNA CAMURCA CORREIA ME|1058|06070997000132||066879850|2309102||RUA TABELIAO JOSE MESQUITA|066||CENTRO|
|0150|5072|FRANCICLER SOARES DOS SANTOS|1058|00944922000157||161103162|2513703||TRAVESSA GOMES VIEIRA||157|VARZEA NOVA|
|0150|5075|RUI ARAUJO DE SOUSA MOTOS ME|1058|03239284000161||063575680|2301851||R ARROJADO LISBOA N12|||CENTRO|
|0150|8000|F I DE ARAUJO PECAS ME|1058|06115119000196||066884764|2311801||TV JOEL CORREIA LIMA|154||CENTRO|
|0150|8830|MARIA EDILENE DE ARAUJO BANDEIRA ME|1058|06697661000102|||2307601||RUA JOSE FERREIRA SOMBRA|1910|(sem complemento)|LUIZ ALVES|
|0150|9734|L L LAR INDUSTRIA E COMERCIO DE ALUMINIO|1058|07971672000193||061942979|2307304||SITIO PEDRINHAS|233||PEDRINHAS|
|0150|10195|MMB COM DE PECAS E SERV DE MOTOCICLETAS|1058|10247279000166||063662442|2304400||AV DOM MANUEL||974|CENTRO|
|0150|10199|JOAO DIMAS BRANDAO ME|1058|08599008000128||062041924|2304251||VILA PARAGUAI||S/N|ZONA RURAL|
|0150|10272|O M DA COSTA CASTELO BRANCO ME|1058|08960543000162||062129813|2305332||R JOSE DAMASCENO|593||CENTRO|
|0150|10275|J DE AZEVEDO MOTA ME|1058|08561279000275||062123289|2304400||AV GOVERNADOR RAUL BARBOSA|5190||ALTO DA BALANCA|
|0150|10285|CICLEMOTOS LTDA ME|1058|09313194000150||063574489|2306256||AV VIRGILIO TAVORA|1280||CENTRO|
|0150|10289|JOSE FRANCIENIO CELESTINO AGUIAR ME|1058|10316385000154||063701987|2306553||RUA MENINO JESUS|505||CENTRO|
|0150|10382|PAULO SERGIO GONCALVES DE SANTIAGO ME|1058|10443376000124||063700158|2311801||AV DOM LINO|1180||CENTRO|
|0150|10394|MARCOS ROGERIO ALBUQUERQUE ME|1058|10943044000109||063806843|2304251||AV. 14 DE JANEIRO,|605||CENTRO|
|0150|10396|INDEPENDENCIA MOTOS COM DE PECAS E SERVI|1058|10486537000167||063717786|2304400||AV INDEPENDENCIA|878||QUINTINO CUNHA|
|0150|10412|CIA. CAETANO BRANCO|1058|02526146000109||9059359760|4125506||ALAMEDA ARPO|750|E|OURO FINO|
|0150|10465|JOSE ARNILSON SOMBRA LIMA ME|1058|03730904000160||063567075|2303709||JOACI SAMPAIO PONTES||1753|CENTRO|
|0150|10469|FRANCISCO DE ASSIS BESSA DELFINO|1058||12134147334||2303709||R F|121||NOVA METROPOLE|
|0150|10470|LUIS ADILTON DE AMORIM|1058||10482334304||2304400||RUA DOMINGOS RAIOL|490|CASA 5|MESSEJANA|
|0150|10478|RAIMUNDO REGINALDO RODRIGUES|1058||49189620330||2313955||RUA RUI BARBOSA|153||CENTRO|
|0150|10480|BRUNO COSTA PORTELA|1058||04912901369||2304400||AV MOZART PINHEIRO DE LUCENA||2895|CIDADE OESTE|
|0150|10510|ESMAEL PEREIRA DE SOUSA ME|1058|03191381000121||062813846|2304400||RUA MARTINS NETO|055||ANTONIO BEZERRA|
|0150|10511|NELIVALDO MOREIRA LYRA|1058||31710980320||2304400||AV JOAO PESSOA|3641|AP 302|DAMAS|
|0150|10512|VERIANO RABELO FREIRE|1058|10460025000121||063710900|2300705||TRAVESA NONATO FREIRE||30|CENTRO|
|0150|10542|F J PINTO DE MACEDO ME|1058|10513848000178||063722445|2313104||RUA MAIA ALARCON|440||CENTRO|
|0150|10544|METALURGICA FEY LTDA|1058|84229624000175||250140233|4207502||ROD. BR 470 KM 73|63|3620|ESTRADINHA|
|0150|10545|METALIC MFP PECAS COMERCIAL LTDA|1058|10413447000146||582790636112|3543402||PROFESSORA DINA RIZZI|826||RES CANDIDO PORTINARI|
|0150|10695|PLASTCYCLE IND.E COM.DE ARTEFATOS PLAST.E MET.LTDA|1058|09062384000141||149803205110|3550308||RUA ITUVERAVA||089|VILA PRUDENTE|
|0150|10925|FIRMINO MOTO PECAS LTDA ME|1058|05490240000135||063753030|2304400||R HUMBERTO MONTE|1498||BELA VISTA|
|0150|10948|MARIA ERICA FERREIRA SANTOS ME|1058|09451871000104||063609940|2303709||AV SAO VICENTE DE PAULA|108||ARATURI|
|0150|11055|JOSIVANDO PORFIRIO DA SILVA ME|1058|10415756000155||063698315|2313104||RUA BATISTA MAIA|4537||CENTRO|
|0150|11062|MANOEL CESAR DO NASCIMENTO CARNEIRO|1058||76681440304||2307700||RUA GONCALO CANDIDO|050||NOVO MARANGUAPE|
|0150|11063|FRANCISCO JAILTON DE QUEIROZ ME|1058|09086879000100||062154613|2303931||RUA CEL JOAO PARACAMPOS|833|KM 26|CENTRO|
|0150|11069|FRANCISCO SOLIVAN BEZERRA DE ARAUJO ME|1058|74162074000160||063738449|2305605||RUA JOAO FACUNDES BONFIM||163|CENTRO|
|0150|11099|KSPG AUTOMOTIVE BRAZIL LTDA DIVISAO KOLBENSCHMIDT|1058|57576274000140||482020389119|3533403||Rodovia Arnaldo Julio Mauerberg||4000|Distrito Industrial 01|
|0150|11205|FRANCISCA HELENA SOARES DA SILVA ME|1058|10516768000176||063716119|2305233||R FRANSCISCO RAIMUNDO DE SOUSA|1309|(sem complemento)|ZUMBI|
|0150|11209|FRANCISCO FRANCINE AIRES DE OLIVEIRA|1058||01860408303||2311801||RUA CONEGO AGOSTINHO|318||CENTRO|
|0150|11210|ROGERIO JACAUNA PONTE|1058||71948775387||2304400||AV- OSORIO DE PAIVA,|7664||SIQUEIRA II|
|0150|11211|FRANCISCO JOSE CARNEIRO|1058||53935888368||2309805||SITIO PACOTI SITIO DO MEIO|||ZONA RURAL|
|0150|11213|ANTONIO CARLOS DA COSTA ALVES ME|1058|00111172000132||063777410|2307650||AV PADRE JOSE HOLANDA DO VALE||1880|PIRATININGA|
|0150|11218|FRANCISCO R DE ARRUDA ME|1058|03171615000179||062808877|2314102||AVJOSE FIGUEIRA|391||SAO FRANCISCO|
|0150|11231|FUTORY IND E COM LTDA|1058|59660878000104||336307039119|3518800||RUA ITAINOPOLIS|295||CIDADE ARACILIA|
|0150|11232|M M J MOTO|1058|10766927000190||063778319|2301703||PRACA DA VITORIA|054||CENTRO|
|0150|11309|EDMILSON PEREIRA ALVES|1058||63508869334||2311801||RUA CONEGO AGOSTINHO|318||CENTRO|
|0150|11329|LUIZ ALBERTO GOMES COSTA ME|1058|10541127000171||063790890|2303709||RUA JUACI SAMPAIO PONTES|1753||CENTRO|
|0150|11474|MARCUS VINICIUS VIEIRA DE FRANCA|1058||01580584373||2307601||RUA DOM AURELIANO MATOS|3375||CENTRO|
|0150|11476|MARIA EDNA LOPES ME|1058|01244547000103||069725330|2305233||AV JOSE EUCLIDES F GOMES|246||CENTRO|
|0150|11488|FLAVIANO OLIVEIRA DA SILVA|1058||01924283301||2311801||PADRE RAUL VIEIRA|2004||CENTRO|
|0150|11490|R E SILVA GALDINO ME|1058|07351864000105||061803723|2302008||RUA JUSTINO ALVES FEITOSA|286||CENTRO|
|0150|11499|LERRY DA SILVA CORDEIRO|1058||90197380387||2307700||RUA GONCALO CANDIDO||050|NOVO MARANGUAPE|
|0150|11506|ANTONIO REINALDO EUFRASIO TEIXEIRA|1058||00437703398||2313500||PV. RIACHO DO MEIO|065||CORREGO FUNDO|
|0150|11621|EVANDRO SANTOS MAGALHAES|1058||54821339315||2313351||RUA JOAQUIM COELHO DA CRUZ|288||CENTRO|
|0150|11623|EMANOEL VICTOR DA SILVA|1058||00361310323||2304400||RUA PERU|894||SERRINHA|
|0150|11666|MARIA DANIELLE OSTERNO SOUSA ME|1058|05906366000148||066839025|2308906||RUA SANTO ANTONIO|048||CENTRO|
|0150|11670|FRANCISCA GELDSONHA DE SOUSA ME|1058|10475156000182||063706776|2307502||RUA RAIMUNDO GONCALVES|097|TERREO|CENTRO|
|0150|11684|D S VERAS DE OLIVEIRA ME|1058|10825220000108||063804433|2304400||AV SARGENTO HERMINIO SAMPAIO|4553||ANTONIO BEZERRA|
|0150|11810|J E L A COMERCIO DE MOTOPECAS LTDA ME|1058|11054333000110||063830485|2304400||RUA JULIO BRAGA|1934||JOAO XXIII|
|0150|11815|ANDRE RIBEIRO DE MELO|1058||64094995315||2304400||RUA RECANTO VERDE|2020|BL E AP 103|JANGURUSSU|
|0150|11821|RAIMUNDO NONATO RODRIGUES CUNHA ME|1058|06148453000146||066895502|2313500||AV SALVADOR MARTINS|162||CENTRO|
|0150|11841|J M DE MOURA ME|1058|05995960000233||063775921|2304103||RUA DR MOREIRA DA ROCHA|757|(sem complemento)|CENTRO DE CRATEUS|
|0150|11844|JOSE HAROLDO ARAUJO ME|1058|07347194000145||063630877|2304400||RUA COSTA FREIRE|2282||PARUQUE SAO JOSE|
|0150|12004|SARAIVA NOGUEIRA LTDA|1058|09073153000133||062147994|2304400||RUA JOSE HIPOLITO|198||MESSEJANA|
|0150|12097|J L DA SILVA DE ALMEIDA ME|1058|11139228000183||063844303|2305332||CAPITAO MANOEL ANTONIO||2023|CENTRO|
|0150|12142|SUELDO VICENTE DA SILVA ME|1058|10298633000181||063675692|2311801||RUA CONEGO AGOSTINHO|1564||CENTRO|
|0150|12182|HELOIZA MONICA FERREIRA ME|1058|08453483000191||161505325|2503001||PRESIDENTE COSTA E SILVA SN||S/N|CENTRO|
|0150|12184|ANTONIA MICHELLE DA SILVA GONCALVES|1058|11242410000165||063860759|2312601||AV. FRANCISCO FERREIRA DA CUNHA|001||CENTRO|
|0150|12444|OSMUNDO BATISTA TERCEIRO ME|1058|11220009000124||063858223|2304400||AV FRANCISCO SA|4130||CARLITO PAMPLONA|
|0150|12597|MARCIANGELA MAIA SILVA LIMA ME|1058|11417669000108||063897172|2311801||RUA CONEGO AGOSTINHO||2178|CENTRO|
|0150|12605|JOSE EDMUNDO DA PENHA ME|1058|00388113000106||068548877|2304400||RUA GOIANEZA|312||GENIBAU|
|0150|12608|MANUEL EDINEIDE ALVES RODRIGUES ME|1058|11349964000166||063881152|2311207||AVENIDA HERCULINO MARROCOS|543||CENTRO|
|0150|12610|ANGEVALDO MARQUES RODRIGUES|1058||02347461303||2304103||RUA SIQUEIRA CAMPOS|485||SAO VICENTE|
|0150|12615|JOSE VALDIR SOMBRA ME|1058|00721223000148||069587264|2311801||RUA PADRE RAUL VIEIRA|373|A|CENTRO|
|0150|12621|PONTO GCAR LTDA ME|1058|10276527000105||063679094|2305506||RUA DR JOSE HOLANDA MONTENEGRO|713||CENTRO|
|0150|12737|ANTONIO GOMES DA SILVA|1058||41604318287||2307650||RUA PAULO BATISTA|912|CASA A|PAJUCARA|
|0150|12746|RENE DKARTNES GOUVEIA NERY|1058|11431754000112||063910454|2305704||RUA CEL GUSTAVO LIMA|205||CENTRO|
|0150|12749|ANTONIO ALVES DA SILVA 25943656880|1058|11542914000109|||2307304||RUA BEATA MARIA DE ARAUJO||007|ROMEIRAO|
|0150|12866|FRANCISCA BARROSO ANTUNES|1058||78750920359||2310258||RUA FRANCISCO CIPRIANO MOREIRA|172||CENTRO|
|0150|12874|FRANCISCO JASON DO NASCIMENTO ME|1058|10789050000153||063780186|2306405||RUA CAIO PRADO|1973||VIOLETE|
|0150|12876|GRAZIELLE MONTEIRO DE LIMA ME|1058|11505041000156||063907810|2302206||RUA ADELIA COLACO|172||CENTRO|
|0150|12877|FRANCISCO FLAVIO COSTA DOS SANTOS ME|1058|11527429000158||063917467|2307650||RUA SANTA TEREZA|410|(sem complemento)|PLANALTO CIDADE NOVA|
|0150|12882|R G DA SILVA ME|1058|10685882000120||063757761|2303956||AV VEREADOR OSORIO DOS SANTOS|015||CIDADE NOVA|
|0150|12888|LECIO RENAN NERI DE OLIVEIRA ME|1058|11409459000160||038971682|2615607||RUA GUADALAJARA|455||CENTRO|
|0150|12897|ALVANI GOMES DE SOUZA PECAS E SERVICOS|1058|11676075000103||063927950|2303808||RUA SAO JOSE|746||CENTRO|
|0150|12898|M A TELES TAVARES DOS SANTOS|1058|11228957000106||063860570|2302008||RUA PREFEITO FIRMINO TAVARES|295||CENTRO|
|0150|13004|EXTRA COM E SERV DE PECAS E ACESS P/ MOTOCICLETAS LTDA ME|1058|08464424000119||063919842|2304400||AV PALESTINA|240||MESSEJANA|
|0150|13007|JEYSON FERREIRA ANGELO CABRAL ME|1058|07209467000195||061773824|2308708||RUA JOSE FRANCISCO SAMPAIO|072||ARUARU|
|0150|13035|IND.DE ACUM.E COMP.MOTOCICLISTICOS ERBS|1058|07564769000181||255046146|4202701||ROD SC 486|9878|KM 02|PEDRAS GRANDES|
|0150|13048|SERJET SERVICOS LTDA ME|1058|06105900000180||061966029|2304400||RUA AGAPITO DOS SANTOS|679||CENTRO|
|0150|13053|ANTONIO CARLOS COSTA ARAUJO|1058|11602458000137||063924803|2306553||RUA FRANCISCO RIOS|028||CENTRO|
|0150|13056|DAMIAO SILVA DE MORAES|1058|11475393000106||161657281|2510808||RUA CORONEL MIGUEL SATYRO||178|CENTRO|
|0150|13061|FRANCISCO DEYVEDY MEDEIROS SALES|1058|11487876000120||063915588|2306009||RUA JOSE MARIA BESSA|045||CENTRO|
|0150|13062|DJALMA ALVES NOGUEIRA|1058||09068830325||2304400||RUA NOSSA SENHORA DAS GRACAS|654||PIRAMBU|
|0150|13063|JOSE VALTERLANE AIRES DE SOUSA ME|1058|11578981000175||063958104|2308500||RUA JOAO MARTINS DE MELO|007||CENTRO|
|0150|13234|M JOSE MAIA MOTOPECAS ME|1058|09528723000132||063618907|2307601||RUA DOS EXPEDICIONARIOS|3050||CENTRO|
|0150|13237|W H MOREIRA SILVA|1058|11552709000116||063915294|2312502||R PEDRO PAULO|255||CENTRO|
|0150|13242|ROSANGELA CARNEIRO DE OLIVEIRA|1058|11095081000177||063841584|2306603||RUA PRINCESA ISABEL|181||LAGOA DO MATO|
|0150|13243|GILDETE FAUSTO DE ARAUJO DAMASCENO|1058||16888309878||2309706||RODOVIA CE 060|11424||PARQUE ARATANHA|
|0150|13246|BRUNO BEZERRA DA SILVA|1058||03516223308||2304400||RUA 7|163||MONDUBIM|
|0150|13250|FRANCISCO ANTONIO AGUIAR|1058|07811757000104||061920860|2304400||AV SEN MENEZES PIMENTEL||1150|GRANJA PORTUGAL|
|0150|13252|ORGANIZACAO HELIO MEIRELES PETROLEO LTD|1058|73676140000310||069245746|2304400||AV SENADOR VIRGILIO TAVORA|330||MEIRELES|
|0150|13261|JOAO COSTA PEREIRA|1058||77884302349||2311801||ZONA RURAL||S/N|CAPIM GROSSO|
|0150|13264|ANDRE PAULA DUARTE MEI|1058|11920533000108||064013782|2306256||AV DEP PAULINO ROCHA|231||JABUTI|
|0150|13394|LUCINA ALVES DE SOUSA ME|1058|10506311000180||063715627|2304400||AV.CORONEL CARVALHO|1556|LJ 02|BARRA DO CEARA|
|0150|13397|SEVERINA DE OLIVEIRA DA SILVA FILHA|1058|11802297000125||161674739|2515302||RUA URBANO GUEDES||477|CENTRO|
|0150|13400|NAUILA RODRIGUES DE MOURA|1058|11623319000190||063928787|2304400||AV BEZERRA DE MENEZES|1317||SAO GERARDO|
|0150|13401|C A RIBEIRO CICLOPECAS ME|1058|06064130000174||064006417|2313401||RUA JOSE ZEFERINO FERREIRA|300||CENTRO|
|0150|13403|FRANCISCO RENATO PINHEIRO BASTOS ME|1058|02763858000133||063867281|2307650||RUA 111|441||CONJUNTO TIMBO|
|0150|13461|REDFOX COM DE VEICULOS E PE√ÁAS LTDA|1058|10603887000166||063761246|2304400||Ru Briza Leste|300|||
|0150|13544|EDNA YRAIANE ALVES LEITAO CORDEIRO|1058|10857593000160||063792982|2308401||R ELIZARIO GOMES LEITAO|5||CENTRO|
|0150|13565|ELIABE BATISTA BRAGA MEI|1058|11897510000120||064014770|2307700||RUA JOSE FERNANDES VIEIRA||269|CENTRO|
|0150|13568|EDSON PEREIRA PINTOS ME|1058|10328560000123||063682966|2307106||AV WILSON RORIZ|1197||CENTRO|
|0150|13569|ERIVALDO MIRANDA PAIVA|1058|12069535000106||064020940|2304400||RUA PADRE VALDEVINO|1211|A|JOAQUIM TAVORA|
|0150|13577|LILIANE DE OLIVEIRA ALEXANDRE ME|1058|09480645000143||063641534|2304400||RUA RODRIGUES MEDEIROS|815||CANINDEZINHO|
|0150|13579|TATIANE PINHEIRO SOMBRA LIMA|1058|08794942000109||062098136|2303709||AV PROF LETICIA MARQUES CAVALCANTE|1706||CAPUAN|
|0150|13582|FRANCISCO ALEXANDRE VIEIRA DE SOUZA|1058|11311132000150||063948095|2304400||OSCAR ARARIPE|1388||BOM JARDIM|
|0150|13649|SYDNEY FREIRE SILVA ME|1058|04503929000194||063118157|2307650||RUA WALDIR HERBERT|30|(sem complemento)|PAJUCARA|
|0150|13715|MOTO E BIKE O PAULINHO LTDA|1058|11323737000161||063953781|2307650||AV MENDEL STEINBRUCK|9771||PAJUCARA|
|0150|13717|CAROL COMERCIO DE PECAS PARA MOTOS LTDA|1058|11821404000162||063963302|2304400||R EDITE BRAGA|2280||JARDIM AMERICA|
|0150|13718|ESTEVAM JUNHO SOUSA CHAVES|1058||42416108387||2304400||RUA CIDADE PALHANO|180||JARDIM GUANABARA|
|0150|13721|RAFAEL ALEXANDRE GERMANO|1058||00493537309||2304400||RUA 741|261|3 ETAPA|CONJUNTO CEARA|
|0150|13726|JOSE MARIA F DE MATOS ME|1058|12099169000120||064024261|2313906||RUA JOSE B VASCONCELOS||020|VILA CAMPANARIO|
|0150|13731|EVANILDO ARAUJO DA SILVA ME|1058|00086279000178||066739136|2304954||RUA SINVAL LEITAO|481||CUBA|
|0150|13734|ARNOBIO DOUGLAS DUTRA|1058|07310563000125|||2304400||RUA MISERICORDIA|912||JARDIM IRACEMA|
|0150|13737|A FERNANDES BASTOS MOTOS|1058|12299107000161||064050548|2302800||RUA EUCLIDES BARROSO|1490|ANEXO B|SANTA LUZIA|
|0150|13751|M G S DA SILVA LIMA ME|1058|12363051000167||064071049|2304400||RUA CONEGO DE CASTRO|4523||PQ SAO JOSE|
|0150|13756|PATRICIA ARAUJO TEIXEIRA|1058||05082884360||2300754||RUA PEDRO VITOTINO||SN|CENTRO|
|0150|13880|F F COMERCIO VAREJISTA DE CELULARES LTDA|1058|10681703000186||063756749|2304400||AV DEMETRIO DE MENEZES|3526||ANTONIO BEZERRA|
|0150|13884|JACINTO CARDOSO ALMEIDA 31708749349|1058|11569697000132||063997215|2307700||LUIS CORDEIRO SOBRINHO||S/N LOJA 01|UMARIZEIRAS|
|0150|13887|GIANBAR INDUSTRIA E COMERCIO DE PECAS LTDA ME|1058|07202719000154||612089239114|3546405||ROD PLACIDO LORENZETTI KM 2||002|AGUA AZUL|
|0150|13888|AUNELIR ALVES SAMPAIO|1058||27397433863||2301208||AV COM EUGENIO DE C E SILVA|050|ALTO|CENTRO|
|0150|13890|C H FREITAS ALCOFORADO|1058|10575217000183||063736772|2302800||RUA EUCLIDES BARROSO|961|B|CENTRO|
|0150|16906|SIMONE DE MATOS DOS SANTOS ME|1058|11955132000193||063993198|2302800||RUA ROMEU MARTINS|429||CENTRO|
|0150|16911|ALDILEIA SILVA DE SOUSA|1058|11792555000130||063990784|2312601||AV FRANCISCO FERREIRA DA CUNHA|1||CENTRO|
|0150|16912|MARCOS DANTAS DE ARAUJO ME|1058|12501483000197||064098397|2304103||RUA DOM PEDRO II|1133||CENTRO|
|0150|16914|SANTIAGO ALVES BARBOSA|1058||46503382391||2300754||RUA PRINCIPAL||S/N|ICARAI|
|0150|16921|JOAO RIBEIRO DA SILVA 67510205468|1058|11865032000176||161683657|2508604||RUA JULIO DE CARVALHO|167||CENTRO|
|0150|16922|HELITON NUNES PEREIRA|1058|12701811000107||064123839|2304400||AV PRES CASTELO BRANCO|2889||JACARECANGA|
|0150|16924|AJA COMERCIO DE MOTOS LTDA|1058|02887215000100||062741926|2304400||AV CARNEIRO DE MENDONCA|1494||PICI|
|0150|17073|F DAS CHAGAS MARQUES PECAS ME|1058|03876385000143||062042653|2308005||AV SENADORES OZIRES PONTES|229||CENTRO|
|0150|17082|FRANCISCO KLEWTON E COSTA ME|1058|11141628000123||063857391|2304400||AV PRES. CASTELO BRANCO|3670||JACARECANGA|
|0150|17088|PLASMOTO IND. COM. E REPRESENT. LTDA -ME|1058|64649445000180||633279603112|3548500||RUA SETE DE SETEMBRO||000071|VILA NOVA|
|0150|17256|A P ALVES PECAS|1058|11298025000130||063870487|2300200||AV MANOEL DA SILVEIRA|725||JURITIANHA|
|0150|17277|YURI SOARES PEREIRA|1058||05359658347||2307700||RUA GONCALO CANDIDO|046||OUTRA BANDA|
|0150|17283|E SANTANA RODRIGUES MS|1058|07652184000113||061883573|2313401||AV ENFER JOSE EVANGELISTA DE VASCONCELO|500||ANTAO|
|0150|17284|FRANCISCO EDINALDO MACIEL MAIA ME|1058|04712869000110||063162784|2304954||RUA JOAO BANDEIRA||S/N|AGUA VERDE|
|0150|17287|JOSE ELIO F DA SILVA|1058|03241906000196||064186687|2304400||RUA GAL CLARINDO DE QUEIROZ|958||CENTRO|
|0150|17292|A DARLAN CARLOS PEREIRA|1058|09604298000113||063638525|2313302||RUA JULIO GONCALVES DA SILVA|190||ALTO BRILHANTE|
|0150|17511|ROSEMARY MELO SALES ME|1058|10356941000116||063690616|2312908||RUA 4 COHAB II||011|SINHA SABOIA|
|0150|17512|HELMO JOSE PINTO DOS SANTOS ME|1058|03066661000108||061984000|2307650||AV VI NUMERO|265||JEREISSATI|
|0150|17518|TAURUS BLINDAGENS NORDESTE LTDA|1058|09003200000172||74799143|2930709||VIA PERIFERICA I||1|CENTRO INDUSTRIAL DE ARATU|
|0150|17519|M&R COM PECAS ACESS SERV VEIC  AUTO LTDA|1058|09230023000167||063558726|2304400||PADRE FRANCISCO PITA|586||COCO|
|0150|17689|JOSE IDENISIO SILVA CRUZ ME|1058|12840354000123||064152995|2308401||RUA DOM BOSCO|373||CENTRO|
|0150|17692|JOSE AUDEMIR ANGELO DE ARAUJO|1058|05051637000120||029121043|2602803||AVENIDA CORONEL JOSE EMILIO MELO|168||CENTRO|
|0150|17694|MARCIO GLEISON XAVIER ME|1058|12527972000118||064099245|2308906||RUA RAIMUNDO ERIVAN ROCHA|900|(sem complemento)|CENTRO DE MORRINHO|
|0150|17695|JOAO VALTER DO NASCIMENTO ME|1058|09059639000117||060914424|2304251||CEL TEIXEIRA PINTO|426||CENTRO|
|0150|17696|JOSE VALBER DE ARAUJO ME|1058|13038814000167||064211070|2311801||RUA CEL ARAUJO LIMA|1044|(sem complemento)|CENTRO DE RUSSAS|
|0150|17698|JOSE ELIELTON RODRIGUES VASCONCELOS|1058|11647788000149||063924129|2304400||AV PRES JUSCELINO KUBITSCHEK|3999|(sem complemento)|Passare|
|0150|17701|FRANCISCA MAYARA SILVA DE OLIVEIRA|1058||03707948340||2309607||RUA RITA NOGUEIRA DA COSTA|287||ALDEIA PARK|
|0150|17703|G DA S. REINALDO ME|1058|12342039000176||064073106|2304400||R FRANCFORT|310||VILA PERI|
|0150|17704|JOSE IVAN ARAUJO ALIMENTOS ME|1058|12980712000101||064193799|2302305||POVOADO VARJOTA|010||VARJOTA|
|0150|17707|M R MOTOCICLO BAR E LANCHONETE LTDA ME|1058|12849358000172||064159868|2307650||R 110|400||CONJUNTO TIMBO|
|0150|17710|LUIS CARLOS LOPES PINTO EPP|1058|60614765000143||152009533114|3500303||ADOLFO SIMON|716||JARDIM ITALIA|
|0150|17863|FRANCISCO JURACI DA SILVEIRA ME|1058|09061610000170||062146653|2300200||RUA CAP DIOGO LOPES|80|(sem complemento)|CENTRO DE ACARAU|
|0150|17865|DANIEL DA SILVA GOMES|1058||00505343355||2307502||RUA GERALDO MAJELA|096||CENTRO|
|0150|17866|ARIANA MARCAL FURTADO|1058|13307370000118||065550773|2308104||RUA AUGUSTO LEITE|108||ACONCHEGO|
|0150|17867|ANA LUCIA DE OLIVEIRA NOBRE|1058|13430458000122||065554957|2307304||RUA SAO BENEDITO|781||SAO MIGUEL|
|0150|17871|J DO EGITO DE PINHO JUNIOR ME|1058|13264399000160||064257150|2303709||AV DOM ALMEIDA LUSTOSA|1827|A|PARQUE ALBANO|
|0150|17872|JOSE ELIVARDO DE OLIVEIRA 56124953315|1058|13070845000103||064212947|2307650||RUA VII|378|LOJA C|JEREISSATI I|
|0150|17879|M G MOTOS PECAS E ACESSORIOS LTDA ME|1058|12465849000110||064092798|2307650||AV CENTRAL|584|C|CONJUNTO ACARACUZINH|
|0150|17881|CICERO ALVES BESERRA 76656047300|1058|13215205000136||064246353|2304301||ANTONIO FERNANDES LIMA|248|B|CENTRO|
|0150|17883|AGELDO PAULINO DE FARIAS|1058||67874746368||2303709||R 114|702|(sem complemento)|PLANALTO CAUCAIA|
|0150|17887|ANA KARININA DE LIMA ME|1058|13267537000164||065548116|2311801||R PADRE RAUL VIEIRA|898||CENTRO|
|0150|17951|JOSE ALVES DO NASCIMENTO|1058|09346815000100||068763760|2304400||R MARIA JULIA|682||BOM JARDIM|
|0150|17952|SELMA SANTOS RODRIGUES|1058|13430017000120||065562674|2302800||R JOAQUIM CUSTODIO|102||ALTO GUARAMIRANGA|
|0150|17953|MARIA ROBERIA VAZ GONCALVES|1058|13040713000120||064205940|2302800||RUA JOSE VELOSO JUCA|2174|A|ALTO GUARAMIRANGA|
|0150|17954|LAUANA CARNEIRO DE OLIVEIRA|1058|10647778000140||063755300|2309300||RUA MONSENHOR HOLANDA|025|A|CENTRO|
|0150|17955|JOSE AIRTON PEREIRA DE ALENCAR ME|1058|05059826000140||060670703|2302800||RUA EUCLIDES BARROSO|388||CENTRO|
|0150|17956|ADRIANA DAMASCENO DE SALES ME|1058|07946943000150||063984890|2304400||AVENIDA A|1524|B ETAPA 1|CONJUNTO CEARA|
|0150|17975|RAMALHO DA SILVA PEREIRA|1058|11231555000160|||2304400||RUA CACHOEIRINHA|201||PASSARE|
|0150|17976|RIVELINO DE MELO BARBOSA 87488990382|1058|13246431000184||064251810|2303709||CRUZEIRO VELHO|350||MARECHAL RONDON (JUREMA)|
|0150|17977|JOSE GERARDENES ARAUJO|1058|13465373000180||065595165|2300200||LAGOA DO CANEMA|403||ZONA RURAL|
|0150|17978|JOSE DAVI DOS SANTOS JUNIOR 01331567378|1058|13207872000177||064241050|2313500||RUA ALAGADICO|882||CANAAN|
|0150|17979|CARNEIRO COMERCIO E SERVICOS DE AUTO PEC|1058|13316352000100||065543599|2307700||AVENIDA SENADOR ALMIR PINTO|1561||OUTRA BANDA|
|0150|17980|RAIMUNDO LUIS DE SOUSA|1058||46585354320||2300200||LAGOA DO CARNEIRO||/N (sem complemento)|LAGOA DO CARNEIRO|
|0150|17981|ANTONIO SERGIO DE LIMA|1058|13298582000186||065544803|2309607||RUA TABELIAO JOSE GAMA FILHO|2057|A|BURITI|
|0150|17982|E B SOUSA PECAS|1058|11992887000168||064020134|2304400||AV DR THEBERGE|1742||CRISTO REDENTOR|
|0150|17983|CLEMILDA DA SILVA CHAVES|1058|11129198000124||063851970|2304400||AV PARANJANA|3950|C|SERRINHA|
|0150|17984|MARCELO PEREIRA DOS SANTOS PECAS MOTOS|1058|13092421000131||161785794|2508604||R DAVID FALCAO||PRINCIPAL DE LUCENA|CENTRO|
|0150|17985|JOSE EMILIANO ALVES BEZERRA ME|1058|10302142000167||063675544|2303709||RUA BREJO SANTO|488|A|MARECHAL RONCON|
|0150|17986|MOTO BOX COM E SERV DE PECAS E ACES P/ M|1058|13526174000134||065579615|2304400||RUA DJALMA PETIT|971||ALTO DA BALANCA|
|0150|17987|A L PONTES MOTOS|1058|03613998000198||062914936|2304400||RUA HUMBERTO LOMEU|1456||GRANJA PORTUGAL|
|0150|17988|JARDEL DOS SANTOS OLIVEIRA ME|1058|13506385000105||065570553|2306553||RUA JOAO BATISTA RIOS|999||CENTRO|
|0150|17989|WAGNER BARTOLOMEU DA COSTA SILVA|1058|13551044000151|||2304400||AV GENERAL OSORIO DE PAIVA|7684|LOJA C|SIQUEIRA|
|0150|17990|EXPRESS TCM LTDA|1058|12449348000140|||35||AVNOVA CUMBICA 815||4874|PQ JANDAIA|
|0150|800010057|CEARA MOTOS LTDA|1058|06627947000103||068459637|2304400||AV BORGES DE MELO||1620|AEROPORTO|
|0150|800010124|F R MACEDO SILVA|1058|04764350000185||063175290|2305506||AV  MARECHAL CASTELO BRANCO|728||VENEZA|
|0150|800010132|FRANCISCO GILBERTO C RODRIGUES ME|1058|02814236000197||062731190|2314003||RUA ANTONIO ALVES LIMA|392|(sem complemento)|JUREMAL|
|0150|800010141|CDA COMERCIAL DISTRIB DE AUTOMOVEIS LTDA|1058|41451030000100||069008728|2304400||AV BORGES DE MELO||1529|ALTO DA BALANCA|
|0150|800010143|BACE INOX INDUSTRIAL LTDA|1058|03056339000106||062784838|2307650||AV. PARQUE SUL||39|DISTRITO INDUSTRIAL MARACANAU|
|0150|800010163|DGB COMERCIAL LTDA F1|1058|72207509000200||061929743|2304400||RUA LINEU JUCA|425||VILA UNIAO|
|0150|800010181|INDUSTRIA ELETRÙNICA CHERRY LTDA|1058|60401015000193||104077620111|3550308||Rua Presidente Soares Brand“o||237|MoÛca|
|0150|800010196|CIRCUIT EQUIPAMENTOS ESPORTIVOS LTDA|1058|54102488000197||528122930113|3538006||AV ALEXANDRINA C. MOREIRA||760|PQ INDUSTRIAL|
|0150|800010212|WABTEC DIA-FRAG IND. E COM. DE PECAS E EQUIPAMENTOS LTDA|1058|53261244000194||461012563111|3531308||RUA 19 DE NOVEMBRO||305|SAO CRISTOVAO|
|0150|800010236|VALFLEX JUNTAS E FILTROS IND.E COM. LTDA|1058|54548730000150||117124171112|3550308||RUA ARTUR PEREIRA||11  COMPLEMENTO|IGUATEMI|
|0150|800010243|MARCIA APARECIDA PRADO EPP|1058|03786219000156||635501702115|3548708||RUA GAL BERTOLDO KLINGER|161|GALPAO 1|PAULICEIA|
|0150|800010272|DANIDREA INDUSTRIA E COMERCIO LTDA|1058|59552224000159||708208948110|3556206||R ARISTIDES CRIVELLARO||474|MORRO DAS PEDRAS|
|0150|800010276|LUMOLD INDUSTRIA E COMERCIO LTDA|1058|53122891000115||241023196119|3509205||RUA ANTONIO DE BARROS||838|JORDANESIA|
|0150|800010297|RINALDI S/A IND DE PNEUMATICOS|1058|87556601000163||0100007007|4302105||R LUIZ ALEGRETTU, 193|0||LICORSUL|
|0150|800010312|SINAI SERVICOS LTDA|1058|02730052000149||066195519|2304400||AV BEZERRA DE MENEZES|1351|LOJA 1, 2 E 3|SAO GERARDO|
|0150|800010361|MARIA DA CONCEICAO BARBOSA SALES ME|1058|06029042000131||066872863|2313500||RUA PADRE JOSE ROMUALDO|107||CENTRO|
|0150|800010383|ROBERTO FERREIRA PINTO ME|1058|05519263000125||066759781|2302107||RUA 15 DE NOVEMBRO|974||CENTRO|
|0150|800010386|ARARIPE VEICULOS LTDA|1058|07180698000113||068484739|2307304||AV PADRE CICERO|3770|KM 02|TRIANGULO|
|0150|800010392|FRANCISCO EDIMILSON COSTA FERRAGENS ME|1058|00597092000139||068851944|2304509||RUA NORBERTO RODRIGUES||S/N|CENTRO|
|0150|800010400|FRANCISCO PEREIRA DA SILVA PECAS ME|1058|06820025000118||031430155|2613909||AV CUSTODIO CONRADO|763||AABB|
|0190|PC|PECA|
|0190|UN|UNIDADE|
|0190|UND|UNIDADE|
|0200|0000070039|BIELA CG/ML/TU/XL125 (13201440300)|||PC|00|87141900|||||
|0200|0000070306|CHAVE CONTATO TIT 00/01|||PC|00|85118090|||||
|0220|UN|1,000|
|0200|0000070307|TAMPA COMBUST TIT/150/CBX/XR/TORN/TWIS|||UN|00|87141900|||||
|0200|0000070308|PAINEL COMP TIT 00|||PC|00|87141900|||||
|0220|UN|1,000|
|0200|0000070382|CADEADO ARTIC 12X1200MM|||PC|00|87141900|||||
|0200|0000071003|PLATO EMBREAGEM OEM JI BIZ 100/ DREAM|7899248141797||PC|00|84836090|||||
|0220|UN|1,000|
|0200|0000071005|RAIO E CABECA (ZINCADO) TITAN2000ES DIANT (10*195.5/10*196)|||PC|00|87141000|||||
|0220|UN|1,000|
|0200|0000071006|RAIO E CABECA DO RAIO (ZINCADO) C100 BIZ DIANT(10*152/10*152|||UN|00|87141000|||||
|0220|PC|1,000|
|0200|0000071007|RAIO XR 200/XLR/NX150/200 D ZINC|||PC|00|87141900|||||
|0220|UN|1,000|
|0200|0000071008|RAIO NX 150/200/XR200 T ZINC|||PC|00|87141900|||||
|0200|0000071010|RAIO T C100 BIZ ZINC 42230-H11-01|||PC|00|87141000|||||
|0200|0000071011|RAIO E CABECA DO RAIO (ZINCADO) TITAN 99 TRAS (9*169.5/9*170|||PC|00|87141000|||||
|0200|0000071016|ACIONADOR TENSOR TIT 150/CB300R/XRE300|||UN|00|87141900|||||
|0220|PC|1,000|
|0200|0000071021|BOBINA FORCA TIT/TOD CDI|||PC|00|87141900|||||
|0200|0000071022|BOBINA IGNICAO TIT 03/150 FAN|||PC|00|87141900|||||
|0200|0000071027|BUCHA COROA YBR 125 (COXIM)|||PC|00|87141900|||||
|0200|0000071028|CDI TOD/TIT 32201-H21-00|||PC|00|87141900|||||
|0200|0000071029|CACHIMBO VELA TIT 99|||PC|00|87141900|||||
|0200|0000071030|CACHIMBO VELA TIT 150/BROSS|||PC|00|87141900|||||
|0200|0000071031|CARBURADOR COMPLETO C100 BIZ CX 20|||PC|00|84099118|||||
|0200|0000071033|CARBURADOR COMPLETO TITAN 150 04 CX 20|||UN|00|84099118|||||
|0200|0000071034|CARBURADOR COMP TIT 02/03|||PC|00|87141900|||||
|0200|0000071035|CARBURADOR XLR 125|||PC|00|65061000|||||
|0220|UN|1,000|
|0200|0000071036|CARBURADOR COMP CG 83/99TIT/TOD ECCO|||PC|00|87141900|||||
|0200|0000071038|DISCO EMBREAG YBR 125/XTZ 5PC|||PC|00|87141900|||||
|0200|0000071045|EIXO PEDAL PARTIDA TIT 99|||PC|00|87141900|||||
|0200|0000071046|EIXO PEDAL PARTIDA TIT 00/04|||PC|00|87141900|||||
|0200|0000071050|ELEMENTO FILTRO AR TIT 00|||PC|00|87141000|||||
|0200|0000071051|ESPELHO FREIO T C100 BIZ/POP|||PC|00|88171900|||||
|0220|UN|1,000|
|0200|0000071055|INTERRUPTOR PARTIDA TIT 00/03 ES|||PC|00|87141900|||||
|0200|0000071056|INTERRUPTOR FREIO D TIT ES/150ESD/NX|||PC|00|87141900|||||
|0220|UN|1,000|
|0200|0000071057|STOP FREIO T TIT 99|||PC|00|87141900|||||
|0200|0000071058|STOP FREIO T TIT 00/04/TIT150/FAN 04/08|||PC|00|87141900|||||
|0200|0000071059|JG JUNTA COMP S/BORR YBR 125/XTZ|||PC|00|87141900|||||
|0200|0000071063|JUNTA CABECOTE TIT 99/00 ACO|||PC|00|87141000|||||
|0200|0000071064|MARCADOR COMBUSTIVEL TIT 150|||PC|00|87141000|||||
|0220|UN|1,000|
|0200|0000071067|PLACA PARTIDA BROSS 150/TIT150ES/ESD|07890000710671||PC|00|85112090|||||
|0200|0000071068|PLACA PARTIDA YBR/XTZ 125 XT 225 24300-Y20-00|||PC|00|87141900|||||
|0220|UN|1,000|
|0200|0000071070|PLATO EMBREAG YBR 125/XTZ 21003-Y20-00|||PC|00|87141900|||||
|0200|0000071073|RESSALTO COMANDO TIT 00|||PC|00|87141900|||||
|0200|0000071075|PLATO EMBREAG CG/TIT|||PC|00|87141900|||||
|0220|UN|1,000|
|0200|0000071076|VELOCIMETRO TIT 99 36101-H22-00|||PC|00|87141900|||||
|0200|0000071080|RETIFICADOR CORRENTE TITAN 150 CX 420|||PC|00|85044029|||||
|0200|0000071081|RETIFICADOR CORRENTE TITAN 92/04 CX 420|||PC|00|85044029|||||
|0200|0000071083|VELOCIMETRO TIT 00|||PC|00|87141900|||||
|0200|0000071088|CDI C100 BIZ/DREAM 32201-H10-00|||PC|00|87141900|||||
|0200|0000071089|ANEL ESCAPE C100 BIZ/DREAM|||PC|00|87141900|||||
|0200|0000071090|ARVORE COMANDO TIT 99|||PC|00|73151210|||||
|0200|0000071092|BOBINA FORCA ML/TU/XL125 12V OHC|||PC|00|85118090|||||
|0200|0000071093|BRACO OSCILANTE TIT|||PC|00|87141900|||||
|0220|UN|1,000|
|0200|0000071098|CABO EMBREAG TIT 150 09 MIX|||PC|00|84831030|||||
|0200|0000071099|CABO FREIO TIT 150 09/|||PC|00|87141900|||||
|0200|0000071101|CABO FREIO FAN 125  09|||PC|00|87141900|||||
|0200|0000071102|CABO ACEL TIT 150 09 MIX|||PC|00|87141900|||||
|0220|UN|1,000|
|0200|0000071103|CABO ACEL FAN 125 09/|||PC|00|87141900|||||
|0200|0000071104|CABO VELOC TIT 150 09|||PC|00|87141900|||||
|0200|0000071105|CABO VELOC FAN 09|||PC|00|87141900|||||
|0200|0000071113|LANTERNA COMP YBR 125 VERM|||UN|00|85122021|||||
|0220|PC|1,000|
|0200|0000071117|ROLAM 6301Z RODA D CG/XLS|||PC|00|87141900|||||
|0200|0000071120|ROLAM PPK 6201-2RS|||PC|00|84824000|||||
|0200|0000071121|ROLAM PPK 6203-2RS|||UN|00|84821010|||||
|0220|PC|1,000|
|0200|0000071122|ROLAM PPK 6204-2RS|||UN|00|84824000|||||
|0220|PC|1,000|
|0200|0000071125|ROLAM PPK 6303-2RS|||PC|00|84821010|||||
|0200|0000071126|ROLAM PPK F110722 PRO-LINK CBX 200/XR/N|||PC|00|84824000|||||
|0200|0000071127|MOBYLETTE ROLAM PPK POLIA HK 1612|||PC|00|87141900|||||
|0220|UN|1,000|
|0200|0000071128|ROLAM PPK 6202-2RSC3|||PC|00|84821010|||||
|0200|0000071131|ROLAMENTO VIRAB TIT 00 LD (28BCS18-RS)|07890000711319||UN|00|84821010|||||
|0220|PC|1,000|
|0200|0000071132|ROLAM PPK VIRABREQUIN 35BCO7S36 TIT 150|||UN|00|84824000|||||
|0220|PC|1,000|
|0200|0000071133|ROLAM PPK HK2020 AGULHA QUAD ELAST BROS|||PC|00|84824000|||||
|0220|UN|1,000|
|0200|0000071134|ROLAM PPK HK2030 AGULHA QUAD ELAST XR/XR|||PC|00|84824000|||||
|0200|0000071135|ROLAM  PPK F110723 PRO-LINK CBX 200/XR/N|||PC|00|84824000|||||
|0220|UN|1,000|
|0200|0000071171|LAMPADA PISCA 1P 12V 21W CB/XL (KTN 1110188)|||PC|00|84824000|||||
|0200|0000071172|ROLAM PPK 6004-2RSC3 RODA T TIT 150/YBR|||PC|00|87141900|||||
|0200|0000071173|MOBILETTE ROLAM PPK 6200 RODA TRAS CALOI/MONARK|||PC|00|84824000|||||
|0200|0000071174|ROLAM PPK 6002-2RSC3 COMANDO YBR 125|||UN|00|87141000|||||
|0200|0000071175|ROLAM PPK 6205-2RSC3 VIRABREQUIM YBR 12|||UN|00|87141000|||||
|0200|0000071176|ROLAM PPK 6003-2RSC3 EMBREAG TIT 150/EIXO COMM NX|||PC|00|84821010|||||
|0200|0000071177|ROLAM PPK F113101 AGULHA AMORT BROSS150|||PC|00|87141900|||||
|0220|UN|1,000|
|0200|0000071179|KIT REL REDFOX C100 BIZ|||PC|00|88171900|||||
|0200|0000071180|KIT REL REDFOX C125 BIZ/POP100|||PC|00|88171900|||||
|0200|0000071181|KIT REL REDFOX TIT 99|||PC|00|87141000|||||
|0200|0000071182|KIT REL REDFOX YBR 125 03/05 55210-Y22-0|||PC|00|87141900|||||
|0200|0000071183|KIT REL REDFOX TIT 150|||PC|00|87141000|||||
|0200|0000071184|KIT REL REDFOX TIT 00|||PC|00|87141000|||||
|0200|0000071185|PEDALEIRA TRAS XLR/XR 55095-H31-00|||PC|00|87141900|||||
|0200|0000071186|ESTATOR TIT 99/XLR|||UN|00|88171900|||||
|0220|PC|1,000|
|0200|0000071187|BOBINA FORCA TIT 00|||PC|00|87141900|||||
|0200|0000071188|ACIONADOR TENSOR CBX 200/NX/XR  C/TRV|||UN|00|87141900|||||
|0220|PC|1,000|
|0200|0000071189|VELOCIMETRO TIT 150|||PC|00|87141900|||||
|0200|0000071191|ELEMENTO FILTRO AR TIT 99|||UN|00|87141900|||||
|0200|0000071192|RETIFIC BATERIA CG 5A|||PC|00|87141900|||||
|0200|0000071193|PAINEL COMP TIT 94/99|||PC|00|87141000|||||
|0200|0000074250|CHAVE CONTATO TIT 150|||PC|00|85365090|||||
|0220|UN|1,000|
|0200|0000075455|CORRENTE COMANDO 404H 102L CBX 200/NX/XR|||PC|00|87141900|||||
|0200|0000075460|CORRENTE COMANDO 25H 98L TU/XLS|||PC|00|87141900|||||
|0200|0000075855|PAINEL COMP TIT 99|||PC|00|87141000|||||
|0200|0000075865|PAINEL COMP TIT 150|||PC|00|87141000|||||
|0200|0000080860|OLEO ATF JOCLE CX24/1L|||UN|00|87141900|||||
|0220|PC|1,000|
|0200|0000084050|CAMARA DE AR RIN 3.00-18 CG/ML/TIT D/T|||PC|00|40139000|||||
|0200|0000084130|CAMARA DE AR RIN 3.00-14 BIZ/FREAM T|||PC|00|87141900|||||
|0220|UN|1,000|
|0200|0000084135|CAMARA DE AR RIN 3.00-21 XR/NX/FAL D (RA-21)|||PC|00|87141900|||||
|0220|UN|1,000|
|0200|0000084140|CAMARA DE AR RIN 4.00-18 CBX/NX/XR T|||PC|00|87141900|||||
|0220|UN|1,000|
|0200|0000084150|CAMARA DE AR RIN 2.50-17 BIZ/DREAM D|||PC|00|87141900|||||
|0220|UN|1,000|
|0200|0000084208|PNEU RINALDI D 2.75-17 POP/DRE/BIZ|||PC|00|87141900|||||
|0200|0000084210|PNEU RINALDI T 80/100-14 BIZ/POP|||PC|00|87141900|||||
|0200|0000084212|PNEU RINALDI T 80/100-14 BIZ/POP|||PC|00|87141900|||||
|0200|0000084218|PNEU RINALDI D 2.75-18 TIT/YBR/YES/HU|||PC|00|87141900|||||
|0200|0000084228|PNEU RINALDI T 110/80-18 XLR/XLS/XR|||PC|00|87141900|||||
|0200|0000084238|PNEU RINALDI D 90/90-21 TORN/FAL|||PC|00|87141900|||||
|0200|0000084244|PNEU RINALDI T 100/100-18 XLR/XLS/NX/XR/XTZ (RW33)|||PC|00|87141900|||||
|0200|0000084250|PNEU RINALDI T 90/80-16 NEO/WEB100|||PC|00|87141900|||||
|0200|0000084252|PNEU RINALDI T 90/90-18 TIT/YBR/YES|||PC|00|87141900|||||
|0200|0000106005|ACELERADOR RAPIDO RACING PT|||UN|00|87141000|||||
|0220|PC|1,000|
|0200|0000111115|ALONGADOR AMORTEC TIT 150|07890001111156||PC|00|87141900|||||
|0200|0000111140|ALONG TRAS C100 BIZ|||PC|00|73202010|||||
|0200|0000111150|ALONG TRAS YBR 125|||UN|00|87141000|||||
|0220|PC|1,000|
|0200|0000112175|CONTROLE P/ALARME PST G3/G4 DP35|||PC|00|87141900|||||
|0200|0000112255|ALARME DUO-BLOCK G4 CB 300|||PC|00|85311090|||||
|0200|0000133002|BATERIA ERBS 12VR5AH TIT 00ES/BIZES/BROS|||PC|00|87141900|||||
|0200|0000133004|BATERIA ERBS 12VR7AH TIT 150ES/TW/FA/TOR|||PC|00|87141900|||||
|0200|0000133006|BATERIA ERBS 12VR4AH TIT 00KS/BIZ/BROS12|||PC|00|87141900|||||
|0200|0000133007|BATERIA ERBS 12VR5,5AH YBR 125/RD|||PC|00|87141900|||||
|0200|0000133009|BATERIA ERBS 12VR6AH TIT 150 09/FAN 09/BIZ|||PC|00|87141900|||||
|0200|0000135075|BATERIA YUASA YTX5L-BS TIT 00 ES/BROS125|||PC|00|85071010|||||
|0200|0000135080|BATERIA YUASA YTX4L-BS TIT 00 KS/BROS125|||PC|00|85071010|||||
|0200|0000138015|BATERIA SIVER 7AH SB7B-B NX/CBX/XR/SAH/XT 60001|||PC|00|85071000|||||
|0200|0000138020|BATERIA SIVER 12N5,5-3B YBR|||PC|00|85071000|||||
|0200|0000138055|BATERIA SIVER 7AH SBX7L-BS BROS150/FAL/TOR SELAD|||PC|00|85071090|||||
|0200|0000138115|BATERIA SIVER 5AH SBX 5L-BS TIT ES/150KS SELADA|||PC|00|87141900|||||
|0200|0000140110|BLOCO OPTICO TIT 150 09/10 MIX|||PC|00|87141000|||||
|0200|0000140190|BLOCO OPTICO YBR 125 00/04|||PC|00|87141000|||||
|0200|0000140220|BLOCO OPTICO CBX 200 BIODO|||PC|00|87141900|||||
|0200|0000140235|FAROL COMPL YBR 125 05/FAZER (ARO PRATA)20126|||PC|00|87141900|||||
|0200|0000140260|BLOCO OPTICO COMPATIVEL A MOTO XTZ 125 2006 A 2010 - NAO ORI|||PC|00|87141000|||||
|0200|0000140315|BLOCO OTICO COMPATIVEL MODELO YBR/ FAZER CRIST REC|7898442100326||PC|00|87141000|||||
|0200|0000140405|BLOCO OPTICO POP 100 30171/4060 *PROM*|||PC|00|87141900|||||
|0200|0000142035|BICO FRONTAL C 125 BIZ 06 VM|||PC|00|87141000|||||
|0200|0000142036|BICO FRONTAL COMPATIVEL A BIZ 125 KS/ES 2006/10 E BIZ+ 06/07|7898469158737||PC|00|87141000|||||
|0220|UN|1,000|
|0200|0000142037|BICO FRONTAL C125 BIZ 06/07 PRATA MET|||PC|00|87141000|||||
|0220|UN|1,000|
|0200|0000142038|BICO FRONTAL COMPATIVEL A BIZ 125 KS/ES 2007/08 - VERMELHO -|7898469158942||PC|00|87141000|||||
|0220|UN|1,000|
|0200|0000142039|BICO FRONTAL C125 BIZ 08/09/BIZ+,07 AM|||PC|00|87141000|||||
|0220|UN|1,000|
|0200|0000142041|BICO FRONTAL C125 BIZ 08-09 PRATA METAL|07890001420418||PC|00|87141000|||||
|0220|UN|1,000|
|0200|0000142042|BICO FRONTAL COMPATIVEL A BIZ 125 KS/ES 2009 - VERMELHO NAO|7898469159000||PC|00|87141000|||||
|0220|UN|1,000|
|0200|0000142043|BICO FRONTAL COMPATIVEL A BIZ 125 + 2010 - VERM. NAO ORIGINA|7898940972432||PC|00|87141000|||||
|0220|UN|1,000|
|0200|0000143005|BOBINA IGNICAO CG/ML ATE 80|||PC|00|85113020|||||
|0200|0000143015|BOBINA DE FORCA COMPATIVEL P/ KIT CG125|||PC|00|85118090|||||
|0200|0000143025|BOBINA FORCA ML/TU/XL125 12V OHC|7898485611452||PC|00|85118090|||||
|0200|0000143060|BOBINA LUZ DT/DTZ 180 12V|||PC|00|87141900|||||
|0200|0000143135|BOBINA FORCA C100 BIZ/DREAM|||PC|00|85118090|||||
|0200|0000143140|BOBINA FOR«A WEB 100 03/06|||PC|00|87141900|||||
|0200|0000143195|BOBINA IGNICAO TIT 95-99/CAR|07890001431957||PC|00|85113020|||||
|0200|0000143205|BOBINA FOR«A YBR 125 02ED 90219090|||PC|00|87141900|||||
|0200|0000143360|BOBINA DE LUZ COMPATIVEL P/ KIT CG 12|||PC|00|85118090|||||
|0200|0000143405|BOBINA DE IGNICAOCG (KIT)|||PC|00|87141900|||||
|0200|0000150020|BORR PEDAL CAMBIO RX125/RD350/DT200*|||PC|00|87141900|||||
|0200|0000150060|BORR CAVAL CENTRAL CG/TIT99|||PC|00|87141900|||||
|0200|0000150130|BORR PEDALEI DIANT C100 BIZ/DREAM 0128/7201|||PC|00|87141900|||||
|0200|0000150150|BORR ESTRIBO CBX 200 (D/T)|||PC|00|87141900|||||
|0200|0000150225|BORR AMORTEC CG/TOD/TIT C/EIXO FERR(PAR)|||PC|00|87141900|||||
|0200|0000165015|BUZINA|7898485617027||PC|00|85123000|||||
|0200|0000165035|BUZINA YBR 125/XTZ/LANDER|||PC|00|87141900|||||
|0200|0000165060|BUZINA BROSS 125/150|07890001650600||PC|00|85123000|||||
|0200|0000165065|BUZINA CG 150 TITAN ATE 08|||PC|00|85123000|||||
|0200|0000165080|BUZINA TWISTER 06ED|||PC|00|85123000|||||
|0200|0000165085|BUZINA DAFRA KANSAS 150|||PC|00|85123000|||||
|0200|0000177160|CARREG BATERIA DIG 2A/6A/12A BI-VOLT|||PC|00|85044010|||||
|0220|UN|1,000|
|0200|0000185200|CACHIMBO DE VELA COMPATIVEL P/CG UNIV|||PC|00|85369090|||||
|0200|0000185230|CACHIMBO RESISTIVO COMPATIVELP/BIZ125|||PC|00|85369090|||||
|0200|0000197100|CDI IGN ELETR C100 DREAM 5010560|||PC|00|87141900|||||
|0200|0000197102|CDI NXR 150 BROS ATE 2008|||PC|00|85118030|||||
|0200|0000197103|CDI COMPATIVEL P/POP 100|||PC|00|85118030|||||
|0200|0000197109|CDI  XLS/DUTY 125|||PC|00|87141900|||||
|0200|0000197120|ESTATOR TIT 150 /08/SPORT|||PC|00|85119000|||||
|0200|00000197310|CDI COMPATIVEL P/CG 150 TITAN KS|||PC|00|85118030|||||
|0200|0000197315|CDI CRYPTON|||PC|00|87141900|||||
|0200|0000197335|CDI COMPATIVEL P/ NX150/CBX150/CB|||PC|00|85118030|||||
|0200|0000197340|CDI WEB 100 02/06|||PC|00|87141900|||||
|0200|0000200195|CAIXA DIRECAO C100 BIZ/DREAM  5005|||PC|00|87141900|||||
|0200|0000200203|CAIXA DE DIRECAO NXR 125/150|||PC|00|87141000|||||
|0220|UN|1,000|
|0200|0000200205|CAIXA DIRECAO YBR 125 /08|||PC|00|87141000|||||
|0200|0000200206|CAIXA DE DIRECAO YES 125/INTR KATA/ DAFRA|||PC|00|87141000|||||
|0200|0000200207|CAIXA DIRECAO YBR 125 FACTOR/MAX|||PC|00|87141900|||||
|0200|0000210050|CAPA BANCO TIT 94/99|||PC|00|87141900|||||
|0200|0000210055|CAPA BANCO ORIG C100 DREAM|||PC|00|87141900|||||
|0200|0000210075|CAPA BANCO XLR 125|||PC|00|40139000|||||
|0200|0000210090|CAPA BANCO XR 200 96/99|||PC|00|40139000|||||
|0200|0000210095|CAPA BANCO YBR 125|||PC|00|87141000|||||
|0200|0000210100|CAPA BANCO BROSS 150 09/11 PT|||PC|00|87141900|||||
|0220|UN|1,000|
|0200|0000210110|CAPA BANCO YBR 125 FACTOR PT|||PC|00|87141900|||||
|0220|UN|1,000|
|0200|0000210770|CAPA BANCO ORIG CBX 200 94/01 PT|||PC|00|87141900|||||
|0200|0000210775|CAPA BANCO TWISTER|||PC|00|87141900|||||
|0200|0000210820|CAPA BANCO TIT CARGO 00|||PC|00|40139000|||||
|0200|0000210835|CAPA BANCO TIT 150|||PC|00|87141900|||||
|0200|0000215415|CAPA P/CHUVA TUPA G|||PC|00|62032300|||||
|0200|0000219030|CAPAC SAN MARINO PRETO 58|07890002190303||PC|00|65061000|||||
|0200|0000219035|CAPAC SAN MARINO PRETO 60|||PC|00|65061000|||||
|0200|0000219045|CAPAC SAN MARINO VERM 58|07890002190457||PC|00|65061000|||||
|0200|0000219050|CAPAC SAN MARINO VERM 60|07890002190501||PC|00|65061000|||||
|0200|0000219130|CAPAC SAN MARINO PRETO FOSCO CLASSIC 58|||PC|00|65061000|||||
|0200|0000219135|CAPACETE 0103403PF60|7898483647378||PC|00|65061000|||||
|0200|0000219440|CAPAC SAN MARINO FEMME RS 58 C/FLORES|07890002194400||PC|00|65061000|||||
|0200|0000219630|CAPAC SAN MARINO PRETO FOSCO GRAFIC 58|07890002196305||PC|00|65061000|||||
|0200|0000219645|CAP. SAN MARINO - PTO. FOSCO - 58 - 58|7898483640157||PC|00|87141000|||||
|0200|0000219800|CAPACETE 0102601P58|7898483645206||PC|00|65061000|||||
|0200|0000225050|CARCACA FAROL TIT 150|||PC|00|87141900|||||
|0200|0000230008|CARCACA PAINEL YBR 125 00/05 INFERIOR|||PC|00|87141900|||||
|0200|0000230110|CARCACA PAINEL YBR 125 00/05 SUPERIOR|||PC|00|87141900|||||
|0200|0000230115|CARCACA PAINEL YBR 125 05/08 SUPERIOR 86|||PC|00|87141900|||||
|0200|0000230116|CARCACA PAINEL YBR 125 FACTOR INFERIOR PT|||PC|00|87141900|||||
|0200|0000230225|CARCACA PAINEL C100 BIZ|||UN|00|87141000|||||
|0200|0000230390|CARCACA PAINEL C125 SUPERIOR C/LENT|||UN|00|87141000|||||
|0200|0000235036|CARENAGEM DO FAROL COMPATIVEL A TITAN 150 2010 - PRETO C/ VE|7898940972067||PC|00|87141000|||||
|0200|0000235037|CARENAGEM DO FAROL COMPATIVEL A TITAN 150 2010 - VERMELHO C/|7898940972074||PC|00|87141000|||||
|0200|0000235038|CARENAGEM FAROL TIT 150 2010 LJ MET|||PC|00|87141900|||||
|0220|UN|1,000|
|0200|0000235045|CARENAGEM DO FAROL COMPATIVEL A TITAN 150 2010 - PRATA MET.C|7898940972098||PC|00|87141000|||||
|0220|UN|1,000|
|0200|0000235047|CARENAGEM DO FAROL COMPATIVEL A POP 100 INJ. 07 A 11 PRETO T|7898940972999||PC|00|87141000|||||
|0220|UN|1,000|
|0200|0000235048|CARENAGEM FAROL POP 100 07 AM INJ|||PC|00|87141900|||||
|0220|UN|1,000|
|0200|0000235049|CARENAGEM FAROL CB 300R 09/10 GRAF FSC|||PC|00|87141900|||||
|0220|UN|1,000|
|0200|0000235061|CARENAGEM FAROL BROSS 150 03/07 BC|||PC|00|87141000|||||
|0220|UN|1,000|
|0200|0000235062|CARENAGEM FAROL BROSS 150 04-08 PRETO|07890002350622||PC|00|87141000|||||
|0220|UN|1,000|
|0200|0000235063|CARENAGEM FAROL BROSS 150 08 AM|||PC|00|87141000|||||
|0220|UN|1,000|
|0200|0000245055|CHAVE CONTATO TIT 95-99|07890002450551||PC|00|85365090|||||
|0200|0000245060|INT IG C CHS XLR 125 (97 AT… 02)|7898905500151||PC|00|85365090|||||
|0200|0000245080|CHAVE CONTATO CBX 150/200 C/TRV|||PC|00|85365090|||||
|0200|0000245085|INT IG C TRV GUIDOM XR 200 R (94 AT… 02)|7898905500083||PC|00|85365090|||||
|0200|0000245090|CHAVE CONTATO NX 150/200 C/TRV|||PC|00|85365090|||||
|0200|0000245100|INT IG C TRV GUIDON C 100 BIZ (AT… 2005)|7898905500182||PC|00|85365090|||||
|0200|0000245120|CHAVE CONTATO TIT 00-01|07890002451206||PC|00|85365090|||||
|0200|0000245135|INT IG C TRV GUIDOM YBR 125 (00 AT… 05) XTZ 125 (03 AT… 05)|7898905500298||PC|00|85365090|||||
|0200|0000245140|CHAVE CONTATO TIT 02/04/FAN/08 *PROMOCAO|||PC|00|85365090|||||
|0200|0000245155|CHAVE CONTATO BROSS 150 06/08|||PC|00|85365090|||||
|0200|0000245180|CHAVE CONTATO TWIS/TORN /FALC 06/08|||PC|00|87141900|||||
|0200|0000245195|CHAVE CONTATO YBR 125 06-07/XTZ06-08 C/T|07890002451954||PC|00|85365090|||||
|0200|0000245270|CHAVE CONTATO POP 100 07/11|||PC|00|85365090|||||
|0200|0000245310|CHAVE CONTATO FAN 125 09-11|07890002453101||PC|00|85365090|||||
|0200|0000250011|FIACAO PRINCIPAL CG 150 TITAN KS|||PC|00|85443000|||||
|0200|0000250012|CHICOTE PRINC BROSS 125 03/04 KS|||PC|00|85443000|||||
|0200|0000250037|FIACAO PRINCIPAL YBR E/ED 2002-2005|||PC|00|85443000|||||
|0200|0000250055|CHICOTE PRINC TIT 03-04 ES|07890002500553||PC|00|85443000|||||
|0200|0000250060|FIACAO PRINCIPAL COMPATIVELP/XR 200|||PC|00|85443000|||||
|0200|0000250150|CHICOTE PRINC C100 BIZ (H127)|||PC|00|87141900|||||
|0200|0000252020|MOBYLETTE CILINDRO 39M STD CALOI/MONARK|||PC|00|87141000|||||
|0200|0000258035|COLA JUNTA MOTOR 75G (LIQ BRANCA)|||PC|00|35069110|||||
|0200|0000274050|KIT CONVERSOR|7898485616334||PC|00|85119000|||||
|0200|0000274075|ESTATOR TIT 00/01/XLR125-00|||PC|00|85119000|||||
|0200|0000274095|ESTATOR TIT 92/99 S/BASE|||PC|00|85119000|||||
|0200|0000274120|ESTATOR YBR 125 00/01|||PC|00|87141900|||||
|0200|0000274205|ESTATOR COMPATIVEL P/CG 150 INJECAO E|||PC|00|85119000|||||
|0200|0000274210|ESTATOR YAMAHA CRYPTON 105|||PC|00|85119000|||||
|0200|0000274215|ESTATOR HUNTER/ MAX 125/DAFRSSPEED150 90278930|||PC|00|87141900|||||
|0200|0000287105|CORRENTE KMC 428H 116L TIT 99|||PC|00|73151210|||||
|0200|0000287140|CORRENTE KMC 428H 118L TIT 150/YBR|||PC|00|73151210|||||
|0200|0000287330|CORRENTE KMC C/RET 428UO 116L TIT 99|7890001010336||PC|00|73151210|||||
|0200|0000287345|CORRENTE KMC C/RET 428UO 118L TIT 150|7890001010343||PC|00|73151210|||||
|0200|0000288010|CORRENTE CMC 428H 116L TIT|||PC|00|87141900|||||
|0200|0000288015|CORRENTE CMC 428H 118L TIT 150/YBR|||PC|00|87141900|||||
|0200|0000288025|CORRENTE CMC 428H 132L BROSS 125/FAZER|||PC|00|87141900|||||
|0200|0000288155|CORRENTE CMC 428H.130L BROSS 150|||PC|00|73151210|||||
|0200|0000288170|CORRENTE CMC 520H.106L TWIST/RD350/AGRA/TEN|||PC|00|87141900|||||
|0200|0000289403|KIT REL CMC C125 BIZ|||PC|00|87141900|||||
|0200|0000289405|KIT REL CMC TIT 00|||PC|00|87141900|||||
|0200|0000289406|KIT REL CMC TIT 150|||PC|00|87141900|||||
|0200|0000289407|KIT REL CMC TIT 99|||PC|00|87141900|||||
|0200|0000289420|KIT REL CMC FALCON|||PC|00|87141900|||||
|0200|0000290105|BUCHA COROA TIT 150 (COXIM) PCT4|||PC|00|87149990|||||
|0200|0000293085|CUBO RODA TRAS TIT 99 300|||PC|00|87141000|||||
|0200|0000322214|KIT ENGRNAG VELOC TIT 150 KS (FERO) 197|||PC|00|87141000|||||
|0200|0000322230|ENGRENAGEM VELOC TIT 150 KS 2592|||PC|00|87141900|||||
|0200|0000325191|ESCAPE ORIG XLR 250 PT|||PC|00|87141000|||||
|0220|UN|1,000|
|0200|0000328100|ESPELHO FREIO D CG 83|||PC|00|88171900|||||
|0200|0000328115|ESPELHO FREIO D TIT 00/FAN|||PC|00|87141000|||||
|0200|0000328120|ESPELHO FREIO D C100 BIZ|||PC|00|88171900|||||
|0200|0000328121|ESPELHO FREIO D C125 BIZ|||PC|00|88171900|||||
|0200|0000328135|ESPELHO FREIO T TORNADO|||PC|00|88171900|||||
|0200|0000328160|ESPELHO FREIO T BIZ|||PC|00|88171900|||||
|0200|0000328355|ESCAPE SPORT TIT 150 KS PT2 ALUM QDRO|||PC|00|87141900|||||
|0200|0000328400|ESPELHO FREIO D BROSS 125/150 PRATA|||PC|00|88171900|||||
|0200|0000331350|ESPELHO TIT 00 MED (PAR)|07890003313503||PC|00|87141000|||||
|0200|0000331355|0.039 0.040 RETROV. TITAN 99 ADAPTAVEL ∑ LINHA HONDA PAR|||PC|00|87141000|||||
|0200|0000331370|0.013 0.014 RETROV. MINI TITAN 00 H. CROMADA ADAPTAVEL ∑ LIN|||PC|00|87141000|||||
|0200|0000331402|RETROV. MICRO RED. 90 H. CROM. L. PRATA PAR HONDA|||PC|00|87141000|||||
|0200|0000331490|ESPELHO YBR MED PAR|||PC|00|87141900|||||
|0200|0000331510|ESPELHO C100 BIZ M.ORI (PAR)|||PC|00|87141900|||||
|0200|0000331550|ESPELHO WEB SUNDOWN MED (PAR)|||PC|00|87141000|||||
|0200|0000331600|ESPELHO BROSS 150 09 ORIG (PAR)|07890003316009||PC|00|87141000|||||
|0200|0000350125|GUARNICAO ESCAPE XLS 125|||PC|00|88171900|||||
|0200|0000350135|GUARNICAO ESCAPE FAL/XLX250/350|||PC|00|40169300|||||
|0200|0000350335|GUARNICAO CUBA CARB CB 400/450|||PC|00|87141900|||||
|0200|0000350345|GUARN ESCAPE TORNADO XR 250|7895442169681||PC|00|40169300|||||
|0200|0000350355|GUARNICAO ESCAPE NX 200/XR/XLR|||PC|00|40169300|||||
|0200|0000350375|GUARNICAO ESCAPE XTZ 125|||PC|00|40169300|||||
|0200|0000350385|GUARN ESCAPE NXR BROS 125/150|7895442164341||PC|00|40169300|||||
|0200|0000359016|INTER. FREIO TRASEIRO YBR 125 FACTO|||PC|00|85365090|||||
|0200|0000359026|STOP FREIO D TIT 00 95/04|||PC|00|85365090|||||
|0200|0000359031|STOP FREIO DI YES 125/INTRUD|||PC|00|87141900|||||
|0200|0000359061|CHAVE LUZ COMPATIVEL P/CG150 TITAN INJ|||PC|00|85365090|||||
|0200|0000359062|CHAVE LUZ TIT 150 04-08 KS/FAN09|07890003590621||PC|00|85365090|||||
|0200|0000359063|CHAVE LUZ COMPATIVEL P/CG125 FAN 05-08|||PC|00|85365090|||||
|0200|0000359064|CHAVE LUZ TWISTER/05|||PC|00|85365090|||||
|0200|0000359066|CHAVE LUZ TWISTER 06/|||PC|00|85365090|||||
|0200|0000359069|CHAVE LUZ C125 BIZ 05/09 ALTA/BX|||PC|00|85365090|||||
|0200|0000365085|JG JUNTA COMP S/BORR CBX 150/NX M.ORIG|||PC|00|84841000|||||
|0200|0000365090|JG JUNTA TIT 92/99 XLR (ACO)|||PC|00|84841000|||||
|0200|0000365115|JG JUNTA COMP C/BORR SAHARA C/TPA VALV C/ACO 568|||PC|00|87141900|||||
|0200|0000365175|JG JUNTA COMP S/BORR XLX 350 S/TPA VALV|||PC|00|88171900|||||
|0200|0000365180|JG JUNTA COMP S/BORR XLX 250R S/TPA VALV|||PC|00|88171900|||||
|0200|0000365245|JG JUNTA COMP KIT A YBR 125/XTZ INOX|||PC|00|84841000|||||
|0200|0000365250|JG JUNTA COMP S/BORR TIT 00/BROS125 CAB.|||PC|00|84841000|||||
|0200|0000365265|JG JUNTA COMP S/BORR SUZUKI/KATANA (67667)|||PC|00|84841000|||||
|0200|0000365310|KIT A HO S/ BORR CAB PH C-100 DREAM/BIZ/POP|7895442661680||PC|00|84841000|||||
|0200|0000365335|JG JUNTA COMP S/BORR TWIST/TORN|||PC|00|84841000|||||
|0200|0000365340|KIT A HO S/BORR CAB ORIG CBX 250 TWISTER/XR 250 TORNADO|7895442569887||PC|00|84841000|||||
|0200|0000365355|JG JUNTA COMP S/BORR BROSS 150 CAB.ACO|||PC|00|84841000|||||
|0200|0000365380|JG JUNTA COMP S/BORR TIT 150/BROSS|||PC|00|84841000|||||
|0200|0000365395|JG JUNTA COMP KIT A TIT 00/BROSS ACO|07890003653951||PC|00|84841000|||||
|0200|0000365400|KIT A HO S/BORR CAB ACO CG/TT150/BROS 06ED|7895443562580||PC|00|84841000|||||
|0200|0000365410|JG JUNTA COMP KIT A CG/ML (EXC CDI) PH|07890003654101||PC|00|87141000|||||
|0200|0000370040|JUNTA CABECOTE CB 450|||PC|00|88171900|||||
|0200|0000370050|JUNTA CABECOTE CBX 150/NX/XR PH|||PC|00|84842000|||||
|0200|0000370065|JTA HO CAB PH C-100 DREAM/BIZ/POP|7895442661512||PC|00|84842000|||||
|0200|0000370066|JUNTA CABECOTE C100 BIZ/POP/DREA (M.ORIG)|||PC|00|88171900|||||
|0200|0000370110|JUNTA CABECOTE TIT 92/99/XLR125 ACO|||PC|00|84842000|||||
|0200|0000370140|JUNTA CARCACA XLX 250/350|||PC|00|88171900|||||
|0200|0000370160|JUNTA CILINDRO CBX 150/NX PCT10|||PC|00|84842000|||||
|0200|0000370165|JUNTA CILINDRO CG/ML 125 (TODAS EXC CDI)|||PC|00|84842000|||||
|0200|0000370200|JUNTA CILINDRO TU/XL 125PCT10|||PC|00|88171900|||||
|0200|0000370300|JUNTA TAMPA LAT LD XLX 250 PCT10  56804|||PC|00|87141900|||||
|0200|0000370315|JUNTA TAMPA LAT LE CBX/NX 150 PCT10|||PC|00|84842000|||||
|0200|0000370320|JTA HO TPA LAT ESQ CG/ ML 125 TODAS EXCETO CDI|7895442563182||PC|00|84842000|||||
|0200|0000370325|JUNTA TAMPA LAT LE TOD 92 ED CDI PCT10|||PC|00|88171900|||||
|0200|0000370355|JUNTA TAMPA CAB XLX 250R/350 M.ORIG|||PC|00|88171900|||||
|0200|0000370410|JUNTA CARCACA CBX 150/NX|||PC|00|88171900|||||
|0200|0000370420|JTA HO CIL C-100 DREAM/BIZ/POPC/ 10PC|7895442661529||PC|00|84842000|||||
|0200|0000370460|JTA HO TPA LAT ESQ TURUNA/XL 125 TODAS|7895442564035||PC|00|84842000|||||
|0200|0000370465|JUNTA TAMPA LAT LD MAGNETO TUR/XLS OHC|||PC|00|88171900|||||
|0200|0000370480|JUNTA CARCACA CRYPTON|||PC|00|88171900|||||
|0200|0000370490|JTA HO CIL NX 200/ XR/ CBX 200 STRADA|7895442564820||PC|00|84842000|||||
|0200|0000370495|JUNTA CILINDRO CRYPTON|||PC|00|88171900|||||
|0200|0000370510|ANEL ESCAPE C100 BIZ/DREAM PCT 50|||PC|00|87141000|||||
|0200|0000370535|JUNTA CARCACA BIZ/DREAM|||PC|00|88171900|||||
|0200|0000370540|JUNTA CARCACA CBX 200/NX 56483|||PC|00|87141900|||||
|0200|0000370570|JTA HO CIL CG 125 TITAN 200 ES/KS|7895442563427||PC|00|84842000|||||
|0200|0000370580|JUNTA CARCACA TIT 00/XLR125 (56344)|||PC|00|84842000|||||
|0200|0000370585|JTA YA LAT DIR YBR 125 / XTZ|7895442579848||PC|00|84842000|||||
|0200|0000370590|JUNTA TAMPA LAT LD TIT 00 56343|||PC|00|87141900|||||
|0200|0000370600|JUNTA TAMPA LAT LD FALCON 02/03|||PC|00|84842000|||||
|0200|0000370605|JUNTA TAMPA LAT LE FALCON 02/03 (56685)|||PC|00|84842000|||||
|0200|0000370610|JUNTA TAMPA LAT LE TIT 00/XLR125|||PC|00|84842000|||||
|0200|0000370625|JUNTA TAMPA LAT LE YBR 125/XTZ|||PC|00|84842000|||||
|0200|0000370660|JUNTA CABECOTE TWIST/TORN (ACO)|||PC|00|84842000|||||
|0200|0000370665|JUNTA CARCACA TWIST/TORN|||PC|00|87141000|||||
|0200|0000370670|JUNTA CILINDRO TWIST/TORN|||PC|00|84842000|||||
|0200|0000370675|JUNTA TAMPA LAT LD TWIST/TORN|||PC|00|88171900|||||
|0200|0000370680|JTA HO TPA LAT ESQ CBX 250 TWISTER/XR 250 TORNADO|7895442569184||PC|00|84842000|||||
|0200|0000370690|JTA HO TPA LAT DIR CG 125 TITAN 2000 ES/KS|7895442563434||PC|00|84842000|||||
|0200|0000370695|JUNTA CILINDRO BROSS 150 03/05|||PC|00|87141000|||||
|0200|0000370700|JUNTA CARCACA BROSS 150 03/05/FLEX|||PC|00|88171900|||||
|0200|0000370800|JUNTA CABECOTE TIT 150 CAB.ACO|||PC|00|84842000|||||
|0200|0000370805|JUNTA CILINDRO TIT 150|||PC|00|84842000|||||
|0200|0000370810|JUNTA TAMPA LAT LD C100 POP/BIZ/DREAM|||PC|00|84842000|||||
|0200|0000370820|JUNTA TAMPA LAT LD TIT 150|07890003708200||PC|00|84842000|||||
|0200|0000370825|JUNTA TAMPA LAT LE TIT 150/BROSS06ED|||PC|00|84842000|||||
|0200|0000370835|JUNTA TAMPA LAT LE CRYPTON|||PC|00|88171900|||||
|0200|0000374010|LAMPADA FAROL BIODO 12V 35/35W|07890003740101||PC|00|85392110|||||
|0200|0000374015|LAMPADA FREIO 12V 21/5W 2P|||PC|00|85392910|||||
|0200|0000374025|LAMPADA PISCA 1P 12V 10W CG/TIT|||PC|00|85392910|||||
|0200|0000380810|LENTE FAROL COMPATIVEL MODELO TODAY CRISTAL REC|7898442102153||PC|00|87141000|||||
|0200|0000380830|LENTE PISCA TIT 00 FUME PISCA AMARELO|||PC|00|85122029|||||
|0200|0000380845|LENTE LANT TWISTER VERM 2665|||PC|00|87141900|||||
|0200|0000381300|LENTE PISCA FAZER/LANDER AMAR|||PC|00|87141900|||||
|0200|0000382005|GRAXA BRANCA BISNAGA 80G|||PC|00|27101932|||||
|0200|0000397050|MANOPLA CIRCUIT REVOLUTION PT PAR (MA033|7895809000718||PC|00|87141000|||||
|0200|0000397070|MANOPLA CIRCUIT ROCKET JR|||PC|00|88171900|||||
|0200|0000397075|MANOPLA CIRCUIT COBRA 2 GEL PT|||PC|00|87141000|||||
|0200|0000397115|MANOPLA CIRCUIT CUSTON C/PONT CR AGUIA M|||PC|00|87141900|||||
|0200|0000397120|MANOPLA CIRCUIT INTERLGS PT|||PC|00|87141000|||||
|0200|0000397125|MANOPLA CIRCUIT INTERLGS AZ ESC|||PC|00|87141000|||||
|0200|0000397126|MANOPLA CIRCUIT INTERLGS CZ|||PC|00|87141000|||||
|0200|0000397127|INTERLAGOS PLUS AM|7895809004327||PC|00|87141000|||||
|0200|0000397140|MANOPLA CIRCUIT INTERLGS VM|||PC|00|87141000|||||
|0200|0000397150|MANOPLA CIRCUIT BICOMP PT/VM|||PC|00|87141900|||||
|0200|0000397160|MANOPLA CIRCUIT BICOMP PT/AM|||PC|00|87141900|||||
|0200|0000397165|MANOPLA CIRCUIT BICOMP CZ/PT|||PC|00|87141900|||||
|0200|0000397200|MANOPLA CIRCUIT INTERLGS 2 BICOMP CZ/PT|||PC|00|87141900|||||
|0200|0000397205|MANOPLA CIRCUIT INTERLGS 2 BICOMP PT/AM|||PC|00|87141900|||||
|0200|0000397215|MANOPLA CIRCUIT INTERLGS 2 BICOMP PT/VM|||PC|00|87141900|||||
|0200|0000397235|MANOPLA CIRCUIT ROCKET|||PC|00|87149990|||||
|0200|0000403115|MESA ESCOVA TIT ES/CBX/NX/XR/SAH|07890004031154||PC|00|85119000|||||
|0200|0000420011|PARAL DIANT XLR 125 00/02/XL25084/87 PT|||PC|00|87141000|||||
|0200|0000420039|PARAL DIANT BROSS 125/150 03/07 BC|||PC|00|87141000|||||
|0200|0000420062|PARAL DIANT YBR 125 FACTOR PT S/S|||PC|00|87141000|||||
|0200|0000420072|PARAL DIANT TIT150 09 AZ TWIS PEROL 6710003|||PC|00|87141900|||||
|0200|0000420081|PARALAMA TRASEIRO COMPATIVEL A TITAN 150 09/10 E FAN ESI 201|7898940972395||PC|00|87141000|||||
|0200|0000420082|PARAL TRAS FAN 125 09/11 PT|||PC|00|87141000|||||
|0220|UN|1,000|
|0200|0000420083|PARALAMA TRASEIRO COMPATIVEL A YBR FACTOR 2009/2010 - nao or|7898940973767||PC|00|87141000|||||
|0220|UN|1,000|
|0200|0000420084|PARALAMA TRASEIRO COMPATIVEL A NXR BROSS 2009/2011 E NXR 125|7898940972982||PC|00|87141000|||||
|0220|UN|1,000|
|0200|0000420086|PARAL TRAS BROSS 150 03/07 BC|||PC|00|87141000|||||
|0220|UN|1,000|
|0200|0000420087|PARAL TRAS BROSS 150 03/07  VM|||PC|00|87141000|||||
|0220|UN|1,000|
|0200|0000420088|PARALAMA TRASEIRO COMPATIVEL A NXR150 BROSS 04/05/06/07 PRET|7898469152889||PC|00|87141000|||||
|0220|UN|1,000|
|0200|0000420089|PARAL TRAS BROSS 150 03 AZ|||PC|00|87141000|||||
|0220|UN|1,000|
|0200|0000420091|P¡RAL DIANT C125 BIZ 08/10/BIZ+08/09 VM|||PC|00|88171900|||||
|0200|0000420096|PARALAMA DIANT TITAN 150 2009/2010 E FAN ESI E SUP/PRETO|||UN|00|87141000|||||
|0220|PC|1,000|
|0200|0000420097|PARAL DIANT TIT 150 09/10 FAN10 PR MET S/S 6710004|||PC|00|87141900|||||
|0200|0000420106|ABA TANQUE BROSS 150 03/07 BC 5860001|||PC|00|87141000|||||
|0220|UN|1,000|
|0200|0000420107|ABA TANQUE BROSS 150 03/07 VM 5860002|||PC|00|87141000|||||
|0220|UN|1,000|
|0200|0000420108|ABA TANQUE BROSS 150 03/07 PT 5860003|||PC|00|87141900|||||
|0220|UN|1,000|
|0200|0000420109|ABA TANQUE BROSS 150 03 AZ 5860004|||PC|00|87141900|||||
|0200|0000420111|ABA TANQUE BROSS 150 05/06 AZ 5860005|||PC|00|87141000|||||
|0220|UN|1,000|
|0200|0000420112|ABA  TANQUE BROSS 150 06 VM 5860006|||PC|00|87141000|||||
|0220|UN|1,000|
|0200|0000420113|ABA TANQUE BROSS 150 08 AM 5860007|||PC|00|87141000|||||
|0220|UN|1,000|
|0200|0000420114|PARAL TRAS BROSS 150 05/06 AZ|||PC|00|87141000|||||
|0200|0000420115|ABA TANQUE CRF 230 BC|||PC|00|87141900|||||
|0200|0000420116|PARALAMA TRASEIRO COMPATIVEL A NXR 150 BROSS 2006 VERMELHO N|7898469152919||PC|00|87141000|||||
|0220|UN|1,000|
|0200|0000420117|PARAL TRAS BROSS 150 08 AM 5920007|||PC|00|87141000|||||
|0220|UN|1,000|
|0200|0000420124|TAMPA LAT PHOENIX PT (LD 0231)|||UN|00|87141000|||||
|0200|0000420125|PARAL DIANT TIT 150 10 LJ METAL|||PC|00|87141900|||||
|0220|UN|1,000|
|0200|0000420126|PARAL DIANT CB 300R 09/10 VM|||PC|00|87141000|||||
|0220|UN|1,000|
|0200|0000420127|PARAL DIANT CB 300R 09/10 PT|||PC|00|87141000|||||
|0200|0000420128|PARAL DIANT CB 300R 09/10 PR METAL|||PC|00|87141000|||||
|0200|0000420129|PARAL DIANT CB 300R 09/10 AM PEROL|||PC|00|87141000|||||
|0200|0000420131|PARALAMA TRASEIRO COMPATIVEL A YBR 125 INJET. NA COR PRETA n|7898469150328||PC|00|87141000|||||
|0200|0000420132|PARALAMA DIANTEIRO COMPATIVEL BROSS 150 2009/2010 VERMELHO N|7898940972777||PC|00|87141000|||||
|0220|UN|1,000|
|0200|0000420133|PARAL DIANT BROSS 150 09/10 PT|||PC|00|87141000|||||
|0200|0000420134|PARAL DIANT BROSS 150 09 AM|||PC|00|87141000|||||
|0220|UN|1,000|
|0200|0000420135|PARAL DIANT BROSS 150 10 LJ|||PC|00|87141000|||||
|0220|UN|1,000|
|0200|0000420136|PARAL DIANT POP 100 07/08 INJ 170001|||PC|00|87141900|||||
|0220|UN|1,000|
|0200|0000420137|PARAL DIANT POP 100 PT INJ7|||PC|00|87141000|||||
|0220|UN|1,000|
|0200|0000420138|PARAL DIANT XRE 300 09/10 PT FSC (MENOR)|||PC|00|87141000|||||
|0200|0000420139|PARAL DIANT XRE 300 09/10 PT FSC (MAIOR)|||PC|00|87141900|||||
|0220|UN|1,000|
|0200|0000420290|PARAL DIANT TIT 96-97 AZUL C/S|07890004202905||PC|00|87141000|||||
|0200|0000420609|PARAL DIANT TIT 00 AM MOTOTAXI S/S|||PC|00|87141000|||||
|0200|0000420685|PARAL DIANT TIT 150 CIRCUIT DRAGON PT|||PC|00|87141000|||||
|0200|0000420690|PARAL DIANT TIT 00/01 VD MET S/S|||PC|00|87141000|||||
|0200|0000420700|PARAL DIANT TIT 150 CIRCUIT DRAGON TT|||PC|00|87141900|||||
|0200|0000420715|PARA-LAMA DRAGON VMT|7895809016894||PC|00|87141000|||||
|0200|0000420760|PARAL DIANT YBR 125 02/07 PT 1550008|||UN|00|87141000|||||
|0220|PC|1,000|
|0200|0000421475|PARAL DIANT TIT 150 05/06 AZ|||PC|00|87141000|||||
|0200|0000421615|PARAL DIANT TIT 02-03 VERDE|07890004216155||PC|00|87141000|||||
|0200|0000421626|PARAL DIANT FAN 125 05/11 INJET PT S/SUP|||PC|00|87141000|||||
|0200|0000421628|PARAL DIANT BROSS 150 08 AM|||PC|00|87141000|||||
|0220|UN|1,000|
|0200|0000421695|PARAL DIANT TIT 150 04 AZUL TWISTER|07890004216957||PC|00|87141000|||||
|0200|0000421705|PARALAMA DIANT.COMPATIVEL A TITAN 150 PINT. 2004 VERDE MET.(|7898443615058||PC|00|87141000|||||
|0200|0000421710|PARAL DIANT TIT 150 04/05 VERM CARUARU|07890004217107||PC|00|87141000|||||
|0200|0000421725|PARAL DIANT TIT 150 05 VD MET|07890004217251||PC|00|87141000|||||
|0200|0000421825|PARAL DIANT TIT 150 06/07 VERM|07890004218258||PC|00|87141000|||||
|0200|0000421840|PARAL DIANT TIT 150 05 VM BRAS|||PC|00|87141000|||||
|0200|0000422220|PARAF FIX PARAL/P-CORR /EMBLEMA 6X18 C10|||PC|00|73181500|||||
|0200|0000422225|PF SX FLG M6X1,00 X 28 RI CH10 ZNTRIAR|7894507802723||PC|00|73181500|||||
|0200|0000422235|PARAF RAB/COLET/ESTATOR TIT 00 6X18|||PC|00|88171900|||||
|0200|0000422245|PF SX FLG M6X1,00 X 40 RI CH8 ZNTRIAR|7894507802860||PC|00|73181500|||||
|0200|0000422255|PF SX MA(1.00) RI 8.8 6X10|7894507727736||PC|00|73181500|||||
|0200|0000422280|PARAF BUJAO OLEO YES 125 01514|||PC|00|87141900|||||
|0200|0000422290|PARAF FIX ESTRIBO 8X20 FERR SEXT S/FLAG|||PC|00|73181500|||||
|0200|0000425000|PASTILHA FREIO TIT 00 ES/150/CBX(D)|07890004250005||PC|00|87141000|||||
|0200|0000425035|PASTILHA FREIO YBR FACTOR 125|||PC|00|87141000|||||
|0200|0000434340|REPARO FREIO TIT 00 ES/TIT150ESD(D)|07890004343400||PC|00|87141000|||||
|0200|0000434365|KIT BUCHA BALANCA TIT 99 2ACO+2NYL|07890004343653||PC|00|87141000|||||
|0200|0000434375|CRAVETA VIRABREAUIM CG/ML/CART/TOD/TIT|||PC|00|87141900|||||
|0200|0000437005|PATIM FREIO T TIT 99|||PC|00|87141000|||||
|0200|0000437015|PATIM FREIO D CG/TOD/TIT/XL|||PC|00|87141000|||||
|0200|0000437035|PATIM FREIO XL 125/BIZ/BROSS(T)|07890004370352||PC|00|87141000|||||
|0200|0000437090|PATIM DE FREIO TITAN 2000 EX/KS SOB MEDIDA 0,25MM|||PC|00|87141000|||||
|0200|0000437095|PATIM DE FREIO TITAN 2000 EX/KS SOB MEDIDA 0,50MM|||PC|00|87141000|||||
|0200|0000437110|PATIM FREIO YBR 125/XTZ(T)|07890004371106||PC|00|68138110|||||
|0200|0000437175|PATIM FREIO T TIT 00/TWIST MED 0,75|||PC|00|87141000|||||
|0200|0000471425|PISTAO C/ ANEIS (STD) HONDA CG TODAY|7890537119954||PC|00|84099120|||||
|0200|0000471430|PISTAO C/ ANEIS (025) HONDA CG TODAY|7890537119961||PC|00|84099120|||||
|0200|0000471435|PISTAO C/ ANEIS (050) HONDA CG TODAY|7890537119978||PC|00|84099120|||||
|0200|0000471440|KIT PISTAO C/ANEL TOD/TIT 0.75|||PC|00|84099120|||||
|0200|0000471445|KIT PISTAO C/ANEL TOD/TIT 1.00|||PC|00|84099120|||||
|0200|0000472110|PISCA TIT 00 C/COXIM DD/TE|||PC|00|85122022|||||
|0200|0000472115|PISCA TIT 00 C/COXIM DE/TD|||PC|00|85122022|||||
|0200|0000480735|PORCA COROA CG/ML/TUR M10XL1.25 SEXT C/F|||UN|00|73181600|||||
|0220|PC|1,000|
|0200|0000500740|PRI COROA CG M10X1,25X36,5 ZA|7894507800095||UN|00|73181500|||||
|0220|PC|1,000|
|0200|0000501075|PROTETOR MAO P4 PT/VM|||PC|00|87141000|||||
|0200|0000501090|PROTETOR MAO P4 BC/AZ|||PC|00|87141900|||||
|0200|0000501095|PROTETOR MAO P4 PT/LJ|||PC|00|87141900|||||
|0200|0000501100|PROTETOR MAO P4 PT/BC|||PC|00|87141000|||||
|0200|0000501105|PROTETOR MAO P4 PT/PT|||PC|00|87141900|||||
|0200|0000501115|PROTETOR MAO P4 PT/CZ|||PC|00|87141000|||||
|0200|0000502464|PROTETOR DUAS BARR (SPORT) TIT 150 09 PT|||PC|00|87141900|||||
|0200|0000503015|PROTETOR GUIDAO MX VM|||PC|00|87141900|||||
|0200|0000503045|PROTETOR DISCO FR BROS125/150/ GRAN PT|||PC|00|87141900|||||
|0200|0000503060|PROTETOR DISCO FR BROS GRAN VM|||PC|00|87141000|||||
|0200|0000515002|RABETA FAN 125 PRETO INJ|07890005150021||PC|00|87141000|||||
|0200|0000515061|RABETA TIT 150 MIX21010  PT KIT 6830003|||PC|00|87141000|||||
|0220|UN|1,000|
|0200|0000515062|RABETA TIT 150 MIX 2010 VM (KIT)|||PC|00|87141000|||||
|0200|0000515063|RABETA TIT 150/FAN150 09/12 MIX LJ OURO|||PC|00|87141000|||||
|0200|0000515070|RABETA TIT 150/FAN150 09/12 MIX PR|||PC|00|87141000|||||
|0220|UN|1,000|
|0200|0000515071|RABETA KIT COMPATIVEL A MIX 150 KS/ES/EX 2010 PRATA PINT.C/|7898940972166||PC|00|87141000|||||
|0220|UN|1,000|
|0200|0000515072|RABETA KIT COMPATIVEL A FAN 150 ESI VERMELHO - C/ VERNIZ NAO|7898940972197||PC|00|87141000|||||
|0220|UN|1,000|
|0200|0000515073|RABETA KIT COMPL.COMPATIVEL A FAN 125-2009 A 2013 -NAO ORIG.|7898469159154||PC|00|87141000|||||
|0200|0000515074|RABETA KIT COMPL.COMPATIVEL A FAN 125-2009/10 NAO ORIG. INJE|7898469159161||PC|00|87141000|||||
|0220|UN|1,000|
|0200|0000515075|RABETA KIT COMPL FAN 125|||PC|00|87141000|||||
|0220|UN|1,000|
|0200|0000515302|CARENAGEM ASSENTO L.D. COMPATIVEL A TITAN 95/99 S/ PINTURA n|7898443609392||PC|00|87141000|||||
|0200|0000515303|CARENAGEM ASSENTO L.E. COMPATIVEL A TITAN 95/99 S/ PINTURA n|7898443609408||PC|00|87141000|||||
|0200|0000515322|RABETA CENTRAL COMPATIVEL A TITAN 150 S/ PINTURA NAO ORIGINA|7898443617366||PC|00|87141000|||||
|0200|0000515325|RABETA TIT 02 VM SAPUC|||PC|00|87141000|||||
|0200|0000515550|RABETA TIT 150 04/05 VM CARUARU|||PC|00|87141000|||||
|0200|0000515560|RABETA TIT 150 04/08 PRETO|07890005155606||PC|00|87141000|||||
|0200|0000518300|RAIO INOX D TIT 00 KS|||PC|00|87141900|||||
|0200|0000518301|RAIO INOX TIT 00 KS T|||PC|00|87149200|||||
|0200|0000518302|RAIO INOX D TIT 99/CG83|||UN|00|87142000|||||
|0220|PC|1,000|
|0200|0000518303|RAIO INOX T TIT 99/XLS125|||UN|00|87149200|||||
|0220|PC|1,000|
|0200|0000518305|RAIO INOX BIZ T|||UN|00|87149200|||||
|0220|PC|1,000|
|0200|0000518311|RAIO INOX NX 200 T|||UN|00|87149200|||||
|0220|PC|1,000|
|0200|0000518312|RAIO INOX BROSS 125 D|||UN|00|87149200|||||
|0220|PC|1,000|
|0200|0000518314|RAIO INOX BROSS 150 DSC D|||UN|00|87149200|||||
|0220|PC|1,000|
|0200|0000518315|JG INOX NXR-125 BROS TRAS.168/184 S/CURVA|9000000003828||UN|00|87149200|||||
|0220|PC|1,000|
|0200|0000518324|JG INOX XT-600 TRAS.150 I/E|9000000001749||UN|00|87149200|||||
|0220|PC|1,000|
|0200|0000518326|RAIO INOX XTZ 125 D|||UN|00|87149200|||||
|0220|PC|1,000|
|0200|0000518327|RAIO INOX XTZ 125 T|||UN|00|87149200|||||
|0220|PC|1,000|
|0200|0000530010|Rele Buzina Univ. 04 Term. 12V. - 2a. Linha|||PC|00|85364100|||||
|0200|0000530020|RELE PISCA 12V (REDON)|07898421164226||PC|00|85364100|||||
|0200|0000530050|RELE PISCA 12V BIZ RETANG|||PC|00|85364100|||||
|0200|0000530065|RELE PISCA ELET TIT 00 3TERM|07890005300655||PC|00|85364100|||||
|0200|0000530115|RELE PISCA ELET TIT 92/04 12V 3P|07890005301157||PC|00|85364100|||||
|0200|0000530130|RELE PARTIDA TIT ES/CBX/XR/NX150/200/XLR|||PC|00|85364100|||||
|0200|0000530135|RELE PARTIDA FALCON|||PC|00|85364100|||||
|0200|0000530165|RELE DE PISCA SUZUKI YES 125|||PC|00|85364100|||||
|0200|0000530180|RELE PARTIDA COMPATIVEL P/BIZ 125|||PC|00|87141000|||||
|0200|0000530185|RELE PARTIDA COMPATIVEL P/C100 BI|||PC|00|85364100|||||
|0200|0000530190|RELE PARTIDA CB 300R|||PC|00|85364100|||||
|0200|0000530195|RELE PARTIDA TIT 150 09/C125BIZ09ED/FAN0|||PC|00|85364100|||||
|0200|0000530205|RELE DE PARTIDA HUNTER/MAX 125|||PC|00|85364100|||||
|0200|0000530220|RELE PARTIDA SUZUKI YES 125|||PC|00|85364100|||||
|0200|0000530504|MOTOR PARTIDA TIT 150/BROSS06/08/SPORT|||PC|00|85114000|||||
|0200|0000530507|MOTOR DE PARTIDA YAMAHA CRYPTON|||PC|00|85114000|||||
|0200|0000560025|RETIFIC BATERIA TIT 150/BROSS150|||PC|00|85118020|||||
|0200|0000562555|ROLAM DIR CONICO TWISTER SUP|||PC|00|87141900|||||
|0200|0000562560|ROLAM DIR CONICO TWISTER INF|||PC|00|87141900|||||
|0200|0000574050|SANFONA 13D TIT 150 /08 PRETO|07895809012377||PC|00|40169990|||||
|0200|0000574051|SANFONA 13D TIT 150 /08 VERM|07890005740512||PC|00|87141000|||||
|0200|0000574052|SANFONA 13D TIT 150 /08 AM|||PC|00|87141000|||||
|0200|0000574053|SANFONA 13D TIT 150 /08 CZ|||PC|00|87141000|||||
|0200|0000574054|SANFONA 13D TIT 150 /08 AZ|||PC|00|87141000|||||
|0200|0000574140|SANFONA 13D TIT 150 09/ PT|||PC|00|87141900|||||
|0200|0000574145|SANFONA 21D BROSS 150 09/10 PT|||PC|00|87141000|||||
|0200|0000574155|SANFONA 13D TIT 150 09/ AZ|||PC|00|87141900|||||
|0200|0000574160|SANFONA 13D TIT 150 09/ VM|||PC|00|87141900|||||
|0200|0000574165|SANFONA 21D DBROSS 150 09/10 AZ|||PC|00|87141900|||||
|0200|0000574170|SANFONA BENGALA 21 DENTES VM|7895809015552||PC|00|87141000|||||
|0200|0000574175|SANFONA 21D BROSS 150 09/10 AM|||PC|00|87141000|||||
|0200|0000575090|SANFONA 11D TIT 00/TWIS/CBX200 PRETO|07895809000312||PC|00|87141000|||||
|0200|0000575095|SANFONA BENGALA 11 DENTES AZ|7895809000299||PC|00|87141000|||||
|0200|0000575096|SANFONA BENGALA 11 DENTES AM|7895809000282||PC|00|87141000|||||
|0200|0000575100|SANFONA BENGALA 11 DENTES VM|7895809000329||PC|00|87141000|||||
|0200|0000575110|SANFONA 18D XLR 125/NXRBROS PRETO|07890005751105||PC|00|40169990|||||
|0200|0000575115|SANFONA BENGALA 18 DENTES VM|7895809005300||PC|00|87141000|||||
|0200|0000575120|SANFONA 10D POP 100 PT|||PC|00|87141000|||||
|0200|0000586135|MESA ESCOVA TIT 150 09/FAN|07890005861354||PC|00|85119000|||||
|0200|0000590070|TPA COMB C CHS CG 125 TODAY TURUNA ML (TODAS)|7898905500427||PC|00|87141000|||||
|0200|0000595061|TAMPA LAT TIT 150 09/MIX VM OPACO|||PC|00|87141000|||||
|0200|0000595101|TAMPA LAT BROSS 150 03/07 BC 5930001|||PC|00|87141000|||||
|0200|0000595102|TAMPA LAT BROSS 150 04/08 PT|||PC|00|87141000|||||
|0220|UN|1,000|
|0200|0000595103|TAMPA LATERAL  BROSS 150 08 AM 5930007|||PC|00|87141000|||||
|0220|UN|1,000|
|0200|0000595104|TAMPA LAT. COMP. A TITAN 150 2009/10 KS/MIX KS PRATA FOS. C/|7898469158386||PC|00|87141000|||||
|0220|UN|1,000|
|0200|0000595106|TAMPA LAT TIT 150 10 MIX CINZA FSC MET|||PC|00|87141000|||||
|0220|UN|1,000|
|0200|0000595107|TAMPA LAT. COMP. A FAN 150 2010 ESI PRETO (PAR) - C/ VERNIZ|7898940972234||PC|00|87141000|||||
|0220|UN|1,000|
|0200|0000595114|TAMPA LAT TIT 150 09 MIX AZ TWIS|||PC|00|87141000|||||
|0200|0000595115|TAMPA LAT TIT 150 09 PR METALIC|||PC|00|87141000|||||
|0200|0000595117|TAMPA LAT TIT 150 10 VM|||PC|00|87141000|||||
|0220|UN|1,000|
|0200|0000595118|TAMPA LAT TIT 150 10 LJ|||PC|00|87141900|||||
|0220|UN|1,000|
|0200|0000595119|TAMPA LAT TIT 150 09 (COMPLEMENTO) PT|||PC|00|87141900|||||
|0220|UN|1,000|
|0200|0000595121|TAMPA LATERAL COMPATIVEL A FAN 125 KS 09 A 12 PRETA INJET.NA|7898469159314||PC|00|87141000|||||
|0220|UN|1,000|
|0200|0000595415|TAMPA LATERAL S/ ADESIVO compativel a TITAN 97/98 VERDE (nao|7898443611746||PC|00|87141000|||||
|0200|0000595725|TAMPA LAT FAN 125 05-08 PRETO INJ|07890005957255||PC|00|87141000|||||
|0200|0000615050|TRAVA PINHAO XLR 250R PCT10|||PC|00|87141900|||||
|0200|0000615695|TRAVA COROA DT PCT10|||PC|00|87141900|||||
|0200|0000615705|TRAVA PINHAO CG/TOD/TIT/CBX150/200|||PC|00|87149490|||||
|0200|0000615710|TRAVA PINHAO YAMAHA PCT10|||PC|00|87149490|||||
|0200|0000624005|VALVULA IN ( STD ) HONDA 125CC CG, ML|7890537115048||PC|00|84099114|||||
|0200|0000624010|VALV ESC CG/ML/TOD|||PC|00|84099114|||||
|0200|0000624015|VALV ADM TIT 99/XLR125|||PC|00|84099114|||||
|0200|0000624020|VALV ESC TIT 99/XLR125|||PC|00|84099114|||||
|0200|0000626120|VELA DE IGNICAO|7897707505548||PC|00|85111000|||||
|0200|0000626180|VELA DE IGNICAO|7897707505517||PC|00|85111000|||||
|0200|0000626245|VELA CR8EH-9S TWIS/TORN/CB500|||PC|00|87141000|||||
|0200|0000626265|VELA CPR8EA9 TIT 150/JOB/SPORT/BROS150|07890006262655||PC|00|85111000|||||
|0200|0000630020|LENTE FAROL C100 BIZ|||PC|00|88171900|||||
|0200|0000630030|LENTE FAROL TWISTER 06/07|||PC|00|87141900|||||
|0200|0000630075|LENTE FAROL YBR 125 05|||PC|00|88171900|||||
|0200|0000630110|LENTE FAROL COMPATIVEL MODELO TITAN 2000 REC|7898442100234||PC|00|87141000|||||
|0200|0000960129|PORTA PLACA CIRCUIT RAPTOR OFF ROAD PT|||PC|00|87141000|||||
|0200|0001000000XXX|MATERIAL DE CONSUMO|||UN|07|73063000|||||
|0200|7081500|OLEO TUTELA 15W40-DUC|||UND|00|27101932|||||
|0200|71753740|FILTRO OLEO - DUPLA FILTRAGEM|||UN|00|84212300|||||
|0200|77362340|ELEMENTO FILTR COMB ING ELET DUCATO|||UND|00|84219910|||||
|0200|99456476|CORREIA DENTADA-DUCATO|||UND|00|40103100|||||
|0200|99461357|ROLAMENTO|||UND|00|84835090|||||
|0200|1337057080|ELEMENTO FILTR DE AR DUCATO|||UND|00|84219999|||||
|0200|504086312|TAMPA|||UND|00|84099190|||||
|0200|504104988|ROLAMENTO|||UND|00|84835090|||||
|0200|504270688|CORREIA TRANSMI|||UN|00|40103100|||||
|0990|1115|
|C001|0|
|C100|1|0||55|02|1|000014962|23110407324443000187550010000149621391042007|||||||||||||||||||||
|C100|1|0|800010057|55|00|1|000014963|23110407324443000187550010000149631399100097|04042011|04042011|2027,12|1|||2027,12|1||||0|0||||13,18|60,81|||
|C190|060|5405||2027,12|0|0|0|0|0|0||
|C100|1|0||55|02|1|000014965|23110407324443000187550010000149651111083753|||||||||||||||||||||
|C100|1|0|4853|55|00|1|000014966|23110407324443000187550010000149661309512619|04042011|04042011|1354,22|1|||1354,22|1||||0|0||||8,80|40,63|||
|C190|060|5405||1354,22|0|0|0|0|0|0||
|C100|1|0|4853|55|00|1|000014967|23110407324443000187550010000149671025663172|04042011|04042011|233,34|1|||233,34|1||||0|0||||1,52|7,00|||
|C190|060|5405||233,34|0|0|0|0|0|0||
|C100|1|0|4868|55|00|1|000014968|23110407324443000187550010000149681960945107|04042011|04042011|390,71|1|||390,71|1||||0|0||||2,54|11,72|||
|C190|060|5405||390,71|0|0|0|0|0|0||
|C100|1|0|4442|55|00|1|000014969|23110407324443000187550010000149691100492109|04042011|04042011|288,88|1|||288,88|1||||0|0||||1,88|8,67|||
|C190|060|5405||288,88|0|0|0|0|0|0||
|C100|1|0|3798|55|00|1|000014970|23110407324443000187550010000149701951781790|04042011|04042011|1218,27|1|||1218,27|1||||0|0||||7,92|36,55|||
|C190|060|5405||1218,27|0|0|0|0|0|0||
|C100|1|0|10511|55|00|1|000014971|23110407324443000187550010000149711363431052|04042011|04042011|14,99|1|||14,99|1||||0|0||||0,10|0,45|||
|C190|060|5405||14,99|0|0|0|0|0|0||
|C100|1|0|13756|55|00|1|000014972|23110407324443000187550010000149721100750839|04042011|04042011|2544,44|1|||2544,44|1||||0|0||||16,54|76,33|||
|C190|060|5405||2544,44|0|0|0|0|0|0||
|C100|1|0|13756|55|00|1|000014973|23110407324443000187550010000149731641047616|04042011|04042011|165,00|1|||165,00|1||||0|0||||1,07|4,95|||
|C190|060|5405||165,00|0|0|0|0|0|0||
|C100|1|0|4736|55|00|1|000014974|23110407324443000187550010000149741878830102|04042011|04042011|895,31|1|||895,31|1||||0|0||||5,82|26,86|||
|C190|060|5405||895,31|0|0|0|0|0|0||
|C100|1|0|4230|55|00|1|000014975|23110407324443000187550010000149751351610282|04042011|04042011|743,58|1|||743,58|1||||0|0||||4,83|22,31|||
|C190|060|5405||743,58|0|0|0|0|0|0||
|C100|1|0|11666|55|00|1|000014976|23110407324443000187550010000149761118160625|04042011|04042011|1829,66|1|||1829,66|1||||0|0||||11,89|54,89|||
|C190|060|5405||1829,66|0|0|0|0|0|0||
|C100|1|0|3817|55|00|1|000014977|23110407324443000187550010000149771109026269|04042011|04042011|1788,82|1|||1788,82|1||||0|0||||11,63|53,66|||
|C190|060|5405||1788,82|0|0|0|0|0|0||
|C100|1|0|3715|55|00|1|000014978|23110407324443000187550010000149781996109720|04042011|04042011|2231,73|1|||2231,73|1||||0|0||||14,51|66,95|||
|C190|060|5405||2231,73|0|0|0|0|0|0||
|C100|1|0|3715|55|00|1|000014979|23110407324443000187550010000149791221200580|04042011|04042011|983,00|1|||983,00|1||||0|0||||6,39|29,49|||
|C190|060|5405||983,00|0|0|0|0|0|0||
|C100|1|0|4672|55|00|1|000014980|23110407324443000187550010000149801785726108|04042011|04042011|1215,09|1|||1215,09|1||||0|0||||7,90|36,45|||
|C190|060|6403||1215,09|0|0|0|0|0|0||
|C100|1|0|1923|55|00|1|000014981|23110407324443000187550010000149811265510736|04042011|04042011|2240,74|1|||2240,74|1||||0|0||||14,56|67,22|||
|C190|060|5405||2240,74|0|0|0|0|0|0||
|C100|1|0|1923|55|00|1|000014982|23110407324443000187550010000149821493107364|04042011|04042011|1068,39|1|||1068,39|1||||0|0||||6,94|32,05|||
|C190|060|5405||1068,39|0|0|0|0|0|0||
|C100|1|0|4319|55|00|1|000014983|23110407324443000187550010000149831155931430|04042011|04042011|214,94|1|||214,94|1||||0|0||||1,40|6,45|||
|C190|060|5405||214,94|0|0|0|0|0|0||
|C100|1|0|17704|55|00|1|000014984|23110407324443000187550010000149841510210410|04042011|04042011|300,08|1|||300,08|1||||0|0||||1,95|9,00|||
|C190|060|5405||300,08|0|0|0|0|0|0||
|C100|1|0|4178|55|00|1|000014985|23110407324443000187550010000149851200768088|04042011|04042011|751,80|1|||751,80|1||||0|0||||4,89|22,55|||
|C190|060|5405||751,80|0|0|0|0|0|0||
|C100|1|0|4178|55|00|1|000014986|23110407324443000187550010000149861833626957|04042011|04042011|48,76|1|||48,76|1||||0|0||||0,32|1,46|||
|C190|060|5405||48,76|0|0|0|0|0|0||
|C100|1|0|11329|55|00|1|000014987|23110407324443000187550010000149871366594726|04042011|04042011|410,52|1|||410,52|1||||0|0||||2,67|12,32|||
|C190|060|5405||410,52|0|0|0|0|0|0||
|C100|1|0|4356|55|00|1|000014988|23110407324443000187550010000149881010689812|04042011|04042011|206,10|1|||206,10|1||||0|0||||1,34|6,18|||
|C190|060|5405||206,10|0|0|0|0|0|0||
|C100|1|0|4356|55|00|1|000014989|23110407324443000187550010000149891411310374|04042011|04042011|147,40|1|||147,40|1||||0|0||||0,96|4,42|||
|C190|060|5405||147,40|0|0|0|0|0|0||
|C100|1|0|10925|55|00|1|000014990|23110407324443000187550010000149901192602244|04042011|04042011|210,68|1|||210,68|1||||0|0||||1,37|6,32|||
|C190|060|5405||210,68|0|0|0|0|0|0||
|C100|1|0|10948|55|00|1|000014991|23110407324443000187550010000149911715570013|04042011|04042011|947,27|1|||947,27|1||||0|0||||6,16|28,42|||
|C190|060|5405||947,27|0|0|0|0|0|0||
|C100|1|0|13756|55|00|1|000014992|23110407324443000187550010000149921248439992|04042011|04042011|209,70|1|||209,70|1||||0|0||||1,36|6,29|||
|C190|060|5405||209,70|0|0|0|0|0|0||
|C100|1|0|13246|55|00|1|000014993|23110407324443000187550010000149931464101071|04042011|04042011|213,80|1|||213,80|1||||0|0||||1,39|6,41|||
|C190|060|5405||213,80|0|0|0|0|0|0||
|C100|1|0|11205|55|00|1|000014994|23110407324443000187550010000149941550493141|04042011|04042011|328,65|1|||328,65|1||||0|0||||2,14|9,86|||
|C190|060|5405||328,65|0|0|0|0|0|0||
|C100|1|0|11205|55|00|1|000014995|23110407324443000187550010000149951926123300|04042011|04042011|583,17|1|||583,17|1||||0|0||||3,79|17,50|||
|C190|060|5405||583,17|0|0|0|0|0|0||
|C100|1|0|11205|55|00|1|000014996|23110407324443000187550010000149961459091189|04042011|04042011|256,89|1|||256,89|1||||0|0||||1,67|7,71|||
|C190|060|5405||256,89|0|0|0|0|0|0||
|C100|1|0|4765|55|00|1|000014997|23110407324443000187550010000149971692611103|04042011|04042011|1061,49|1|||1061,49|1||||0|0||||6,90|31,84|||
|C190|060|5405||1061,49|0|0|0|0|0|0||
|C100|1|0|4765|55|00|1|000014998|23110407324443000187550010000149981504918827|04042011|04042011|598,06|1|||598,06|1||||0|0||||3,89|17,94|||
|C190|060|5405||598,06|0|0|0|0|0|0||
|C100|1|0|4846|55|00|1|000014999|23110407324443000187550010000149991931435100|04042011|04042011|441,46|1|||441,46|1||||0|0||||2,87|13,24|||
|C190|060|5405||441,46|0|0|0|0|0|0||
|C100|1|0|4846|55|00|1|000015000|23110407324443000187550010000150001154091660|04042011|04042011|83,95|1|||83,95|1||||0|0||||0,55|2,52|||
|C190|060|5405||83,95|0|0|0|0|0|0||
|C100|1|0|3782|55|00|1|000015001|23110407324443000187550010000150011941051046|04042011|04042011|1129,70|1|||1129,70|1||||0|0||||7,34|33,89|||
|C190|060|5405||1129,70|0|0|0|0|0|0||
|C100|1|0|3782|55|00|1|000015002|23110407324443000187550010000150021169494379|04042011|04042011|429,16|1|||429,16|1||||0|0||||2,79|12,87|||
|C190|060|5405||429,16|0|0|0|0|0|0||
|C100|1|0|13264|55|00|1|000015003|23110407324443000187550010000150031832886087|04042011|04042011|327,89|1|||327,89|1||||0|0||||2,13|9,84|||
|C190|060|5405||327,89|0|0|0|0|0|0||
|C100|1|0|4714|55|00|1|000015004|23110407324443000187550010000150041365744956|04042011|04042011|235,11|1|||235,11|1||||0|0||||1,53|7,05|||
|C190|060|5405||235,11|0|0|0|0|0|0||
|C100|1|0|3698|55|00|1|000015005|23110407324443000187550010000150051998602725|04042011|04042011|2132,54|1|||2132,54|1||||0|0||||13,86|63,98|||
|C190|060|5405||2132,54|0|0|0|0|0|0||
|C100|1|0|13264|55|00|1|000015006|23110407324443000187550010000150061673890613|04042011|04042011|44,92|1|||44,92|1||||0|0||||0,29|1,35|||
|C190|060|5405||44,92|0|0|0|0|0|0||
|C100|1|0|11684|55|00|1|000015007|23110407324443000187550010000150071104343933|04042011|04042011|691,07|1|||691,07|1||||0|0||||4,49|20,73|||
|C190|060|5405||691,07|0|0|0|0|0|0||
|C100|1|0|11684|55|00|1|000015008|23110407324443000187550010000150081823510718|04042011|04042011|227,35|1|||227,35|1||||0|0||||1,48|6,82|||
|C190|060|5403||176,92|0|0|0|0|0|0||
|C190|060|5405||50,43|0|0|0|0|0|0||
|C100|1|0|11684|55|00|1|000015009|23110407324443000187550010000150091027261103|04042011|04042011|132,76|1|||132,76|1||||0|0||||0,86|3,98|||
|C190|060|5405||132,76|0|0|0|0|0|0||
|C100|1|0|11506|55|00|1|000015010|23110407324443000187550010000150101110105572|04042011|04042011|213,27|1|||213,27|1||||0|0||||1,39|6,40|||
|C190|060|5405||213,27|0|0|0|0|0|0||
|C100|1|0|13579|55|00|1|000015011|23110407324443000187550010000150111810241573|05042011|05042011|550,06|1|||550,06|1||||0|0||||3,58|16,50|||
|C190|060|5405||550,06|0|0|0|0|0|0||
|C100|1|0|13579|55|00|1|000015012|23110407324443000187550010000150121925383530|05042011|05042011|56,26|1|||56,26|1||||0|0||||0,37|1,69|||
|C190|060|5405||56,26|0|0|0|0|0|0||
|C100|1|0|3704|55|00|1|000015013|23110407324443000187550010000150131458241309|05042011|05042011|705,91|1|||705,91|1||||0|0||||4,59|21,18|||
|C190|060|5405||705,91|0|0|0|0|0|0||
|C100|1|0|3704|55|00|1|000015014|23110407324443000187550010000150141101006612|05042011|05042011|118,00|1|||118,00|1||||0|0||||0,77|3,54|||
|C190|060|5405||118,00|0|0|0|0|0|0||
|C100|1|0|10275|55|00|1|000015015|23110407324443000187550010000150151823580150|05042011|05042011|219,88|1|||219,88|1||||0|0||||1,43|6,60|||
|C190|060|5405||219,88|0|0|0|0|0|0||
|C100|1|0|3756|55|00|1|000015016|23110407324443000187550010000150161287103685|05042011|05042011|775,72|1|||775,72|1||||0|0||||5,04|23,27|||
|C190|060|5405||775,72|0|0|0|0|0|0||
|C100|1|0|3756|55|00|1|000015017|23110407324443000187550010000150171910310783|05042011|05042011|231,56|1|||231,56|1||||0|0||||1,51|6,95|||
|C190|060|5405||231,56|0|0|0|0|0|0||
|C100|1|0|16922|55|00|1|000015018|23110407324443000187550010000150181191862474|05042011|05042011|344,25|1|||344,25|1||||0|0||||2,24|10,33|||
|C190|060|5405||344,25|0|0|0|0|0|0||
|C100|1|0|12615|55|00|1|000015019|23110407324443000187550010000150191714720243|05042011|05042011|719,26|1|||719,26|1||||0|0||||4,68|21,58|||
|C190|060|5405||719,26|0|0|0|0|0|0||
|C100|1|0||55|02|1|000015020|23110407324443000187550010000150201884101219|||||||||||||||||||||
|C100|1|0|3704|55|00|1|000015021|23110407324443000187550010000150211941042104|05042011|05042011|418,99|1|||418,99|1||||0|0||||2,72|12,57|||
|C190|060|5405||418,99|0|0|0|0|0|0||
|C100|1|0|4155|55|00|1|000015022|23110407324443000187550010000150221540849861|05042011|05042011|521,80|1|||521,80|1||||0|0||||3,39|15,65|||
|C190|060|5405||521,80|0|0|0|0|0|0||
|C100|1|0|12615|55|00|1|000015023|23110407324443000187550010000150231073707630|05042011|05042011|109,44|1|||109,44|1||||0|0||||0,71|3,28|||
|C190|060|5405||109,44|0|0|0|0|0|0||
|C100|1|0|12876|55|00|1|000015024|23110407324443000187550010000150241310667545|05042011|05042011|537,86|1|||537,86|1||||0|0||||3,50|16,14|||
|C190|060|5403||110,92|0|0|0|0|0|0||
|C190|060|5405||426,94|0|0|0|0|0|0||
|C100|1|0|12876|55|00|1|000015025|23110407324443000187550010000150251129533289|05042011|05042011|431,13|1|||431,13|1||||0|0||||2,80|12,93|||
|C190|060|5405||431,13|0|0|0|0|0|0||
|C100|1|0||55|02|1|000015026|23110407324443000187550010000150261425910102|||||||||||||||||||||
|C100|1|0||55|02|1|000015027|23110407324443000187550010000150271611017100|||||||||||||||||||||
|C100|1|0||55|02|1|000015028|23110407324443000187550010000150281277879100|||||||||||||||||||||
|C100|1|0|11211|55|00|1|000015029|23110407324443000187550010000150291821019650|05042011|05042011|328,77|1|||328,77|1||||0|0||||2,14|9,86|||
|C190|060|5405||328,77|0|0|0|0|0|0||
|C100|1|0|17284|55|00|1|000015030|23110407324443000187550010000150301052763811|05042011|05042011|240,36|1|||240,36|1||||0|0||||1,56|7,21|||
|C190|060|5405||240,36|0|0|0|0|0|0||
|C100|1|0|4613|55|00|1|000015031|23110407324443000187550010000150311633346214|05042011|05042011|426,92|1|||426,92|1||||0|0||||2,78|12,81|||
|C190|060|5405||426,92|0|0|0|0|0|0||
|C100|1|0|11815|55|00|1|000015032|23110407324443000187550010000150321166204093|05042011|05042011|87,46|1|||87,46|1||||0|0||||0,57|2,62|||
|C190|060|5405||87,46|0|0|0|0|0|0||
|C100|1|0|4731|55|00|1|000015033|23110407324443000187550010000150331799172962|05042011|05042011|802,19|1|||802,19|1||||0|0||||5,21|24,07|||
|C190|060|5405||802,19|0|0|0|0|0|0||
|C100|1|0|4731|55|00|1|000015034|23110407324443000187550010000150341211030731|05042011|05042011|320,61|1|||320,61|1||||0|0||||2,08|9,62|||
|C190|060|5405||320,61|0|0|0|0|0|0||
|C100|1|0|4285|55|00|1|000015035|23110407324443000187550010000150351226010950|05042011|05042011|1348,18|1|||1348,18|1||||0|0||||8,76|40,45|||
|C190|060|5405||1348,18|0|0|0|0|0|0||
|C100|1|0|4285|55|00|1|000015036|23110407324443000187550010000150361377967380|05042011|05042011|185,24|1|||185,24|1||||0|0||||1,20|5,56|||
|C190|060|5405||185,24|0|0|0|0|0|0||
|C100|1|0|12621|55|00|1|000015037|23110407324443000187550010000150371251082513|05042011|05042011|1012,55|1|||1012,55|1||||0|0||||6,58|30,38|||
|C190|060|5403||301,77|0|0|0|0|0|0||
|C190|060|5405||710,78|0|0|0|0|0|0||
|C100|1|0|12621|55|00|1|000015038|23110407324443000187550010000150381663103817|05042011|05042011|834,00|1|||834,00|1||||0|0||||5,42|25,02|||
|C190|060|5405||834,00|0|0|0|0|0|0||
|C100|1|0|4301|55|00|1|000015039|23110407324443000187550010000150391100036100|05042011|05042011|1120,65|1|||1120,65|1||||0|0||||7,28|33,62|||
|C190|060|5405||1120,65|0|0|0|0|0|0||
|C100|1|0|4301|55|00|1|000015040|23110407324443000187550010000150401726943777|05042011|05042011|1021,78|1|||1021,78|1||||0|0||||6,64|30,65|||
|C190|060|5405||1021,78|0|0|0|0|0|0||
|C100|1|0|4301|55|00|1|000015041|23110407324443000187550010000150411259801546|05042011|05042011|188,96|1|||188,96|1||||0|0||||1,23|5,67|||
|C190|060|5405||188,96|0|0|0|0|0|0||
|C100|1|0|3723|55|00|1|000015042|23110407324443000187550010000150421368291031|05042011|05042011|1717,05|1|||1717,05|1||||0|0||||11,16|51,51|||
|C190|060|5403||268,76|0|0|0|0|0|0||
|C190|060|5405||1448,29|0|0|0|0|0|0||
|C100|1|0|11841|55|00|1|000015043|23110407324443000187550010000150431682510236|05042011|05042011|950,03|1|||950,03|1||||0|0||||6,18|28,50|||
|C190|060|5405||950,03|0|0|0|0|0|0||
|C100|1|0|11841|55|00|1|000015044|23110407324443000187550010000150441766923105|05042011|05042011|174,14|1|||174,14|1||||0|0||||1,13|5,22|||
|C190|060|5405||174,14|0|0|0|0|0|0||
|C100|1|0|17256|55|00|1|000015045|23110407324443000187550010000150451781046486|05042011|05042011|1142,92|1|||1142,92|1||||0|0||||7,43|34,29|||
|C190|060|5405||1142,92|0|0|0|0|0|0||
|C100|1|0|17256|55|00|1|000015046|23110407324443000187550010000150461109232267|05042011|05042011|349,88|1|||349,88|1||||0|0||||2,27|10,50|||
|C190|060|5405||349,88|0|0|0|0|0|0||
|C100|1|0|4220|55|00|1|000015047|23110407324443000187550010000150471515290480|05042011|05042011|1249,58|1|||1249,58|1||||0|0||||8,12|37,49|||
|C190|060|5405||1249,58|0|0|0|0|0|0||
|C100|1|0|4220|55|00|1|000015048|23110407324443000187550010000150481048159250|05042011|05042011|84,70|1|||84,70|1||||0|0||||0,55|2,54|||
|C190|060|5405||84,70|0|0|0|0|0|0||
|C100|1|0|4220|55|00|1|000015049|23110407324443000187550010000150491670017029|05042011|05042011|834,00|1|||834,00|1||||0|0||||5,42|25,02|||
|C190|060|5405||834,00|0|0|0|0|0|0||
|C100|1|0|3741|55|00|1|000015050|23110407324443000187550010000150501003682512|05042011|05042011|234,86|1|||234,86|1||||0|0||||1,53|7,05|||
|C190|060|5405||234,86|0|0|0|0|0|0||
|C100|1|0|4466|55|00|1|000015051|23110407324443000187550010000150511974277878|05042011|05042011|1091,91|1|||1091,91|1||||0|0||||7,10|32,76|||
|C190|060|5405||1091,91|0|0|0|0|0|0||
|C100|1|0|4466|55|00|1|000015052|23110407324443000187550010000150521101071350|05042011|05042011|963,96|1|||963,96|1||||0|0||||6,27|28,92|||
|C190|060|5405||963,96|0|0|0|0|0|0||
|C100|1|0|4466|55|00|1|000015053|23110407324443000187550010000150531928410344|05042011|05042011|489,36|1|||489,36|1||||0|0||||3,18|14,68|||
|C190|060|5405||489,36|0|0|0|0|0|0||
|C100|1|0|11821|55|00|1|000015054|23110407324443000187550010000150541486106120|05042011|05042011|576,02|1|||576,02|1||||0|0||||3,74|17,28|||
|C190|060|5405||576,02|0|0|0|0|0|0||
|C100|1|0|11821|55|00|1|000015055|23110407324443000187550010000150551756710102|05042011|05042011|172,80|1|||172,80|1||||0|0||||1,12|5,18|||
|C190|060|5405||172,80|0|0|0|0|0|0||
|C100|1|0|800010383|55|00|1|000015056|23110407324443000187550010000150561381946483|05042011|05042011|1045,55|1|||1045,55|1||||0|0||||6,80|31,37|||
|C190|060|5403||442,32|0|0|0|0|0|0||
|C190|060|5405||603,23|0|0|0|0|0|0||
|C100|1|0|13250|55|00|1|000015057|23110407324443000187550010000150571130756702|05042011|05042011|657,17|1|||657,17|1||||0|0||||4,27|19,72|||
|C190|060|5405||657,17|0|0|0|0|0|0||
|C100|1|0|13250|55|00|1|000015058|23110407324443000187550010000150581763614581|05042011|05042011|64,21|1|||64,21|1||||0|0||||0,42|1,93|||
|C190|060|5405||64,21|0|0|0|0|0|0||
|C100|1|0|12737|55|00|1|000015059|23110407324443000187550010000150591296582350|05042011|05042011|325,00|1|||325,00|1||||0|0||||2,11|9,75|||
|C190|060|5405||325,00|0|0|0|0|0|0||
|C100|1|0|3713|55|00|1|000015060|23110407324443000187550010000150601106787429|05042011|05042011|432,70|1|||432,70|1||||0|0||||2,81|12,98|||
|C190|060|5405||432,70|0|0|0|0|0|0||
|C100|1|0|3761|55|00|1|000015061|23110407324443000187550010000150611561101090|05042011|05042011|969,60|1|||969,60|1||||0|0||||6,30|29,09|||
|C190|060|5405||969,60|0|0|0|0|0|0||
|C100|1|0|3761|55|00|1|000015062|23110407324443000187550010000150621729610091|05042011|05042011|313,84|1|||313,84|1||||0|0||||2,04|9,42|||
|C190|060|5405||313,84|0|0|0|0|0|0||
|C100|1|0|4604|55|00|1|000015063|23110407324443000187550010000150631645569748|05042011|05042011|2094,40|1|||2094,40|1||||0|0||||13,61|62,83|||
|C190|060|5405||2094,40|0|0|0|0|0|0||
|C100|1|0|4604|55|00|1|000015064|23110407324443000187550010000150641178427517|05042011|05042011|438,80|1|||438,80|1||||0|0||||2,85|13,16|||
|C190|060|5405||438,80|0|0|0|0|0|0||
|C100|1|0|11069|55|00|1|000015065|23110407324443000187550010000150651510039532|05042011|05042011|310,32|1|||310,32|1||||0|0||||2,02|9,31|||
|C190|060|5405||310,32|0|0|0|0|0|0||
|C100|1|0|11069|55|00|1|000015066|23110407324443000187550010000150661223253165|05042011|05042011|112,70|1|||112,70|1||||0|0||||0,73|3,38|||
|C190|060|5405||112,70|0|0|0|0|0|0||
|C100|1|0|4897|55|00|1|000015067|23110407324443000187550010000150671580704106|05042011|05042011|215,66|1|||215,66|1||||0|0||||1,40|6,47|||
|C190|060|5405||215,66|0|0|0|0|0|0||
|C100|1|0|4897|55|00|1|000015068|23110407324443000187550010000150681076301084|05042011|05042011|9,44|1|||9,44|1||||0|0||||0,06|0,28|||
|C190|060|5405||9,44|0|0|0|0|0|0||
|C100|1|0|5034|55|00|1|000015069|23110407324443000187550010000150691078103228|05042011|05042011|537,93|1|||537,93|1||||0|0||||3,50|16,14|||
|C190|060|5405||537,93|0|0|0|0|0|0||
|C100|1|0|4185|55|00|1|000015070|23110407324443000187550010000150701425911050|05042011|05042011|992,54|1|||992,54|1||||0|0||||6,45|29,78|||
|C190|060|5405||992,54|0|0|0|0|0|0||
|C100|1|0|4312|55|00|1|000015071|23110407324443000187550010000150711600029045|05042011|05042011|1316,50|1|||1316,50|1||||0|0||||8,56|39,50|||
|C190|060|5405||1316,50|0|0|0|0|0|0||
|C100|1|0|4312|55|00|1|000015072|23110407324443000187550010000150721263315916|05042011|05042011|477,43|1|||477,43|1||||0|0||||3,10|14,32|||
|C190|060|5405||477,43|0|0|0|0|0|0||
|C100|1|0|4312|55|00|1|000015073|23110407324443000187550010000150731738102102|05042011|05042011|68,00|1|||68,00|1||||0|0||||0,44|2,04|||
|C190|060|5405||68,00|0|0|0|0|0|0||
|C100|1|0|3770|55|00|1|000015074|23110407324443000187550010000150741893992849|06042011|06042011|825,40|1|||825,40|1||||0|0||||5,37|24,76|||
|C190|060|5405||825,40|0|0|0|0|0|0||
|C100|1|0|4946|55|00|1|000015075|23110407324443000187550010000150751316850618|06042011|06042011|79,00|1|||79,00|1||||0|0||||0,51|2,37|||
|C190|060|5405||79,00|0|0|0|0|0|0||
|C100|1|0|4681|55|00|1|000015076|23110407324443000187550010000150761949719497|06042011|06042011|369,11|1|||369,11|1||||0|0||||2,40|11,07|||
|C190|060|5405||369,11|0|0|0|0|0|0||
|C100|1|0|4713|55|00|1|000015077|23110407324443000187550010000150771471687266|06042011|06042011|215,80|1|||215,80|1||||0|0||||1,40|6,47|||
|C190|060|5405||215,80|0|0|0|0|0|0||
|C100|1|0|3245|55|00|1|000015078|23110407324443000187550010000150781010454504|06042011|06042011|520,60|1|||520,60|1||||0|0||||3,38|15,62|||
|C190|060|5405||520,60|0|0|0|0|0|0||
|C100|1|0|4267|55|00|1|000015079|23110407324443000187550010000150791527403904|06042011|06042011|1220,91|1|||1220,91|1||||0|0||||7,94|36,63|||
|C190|060|6403||1220,91|0|0|0|0|0|0||
|C100|1|0|3741|55|00|1|000015080|23110407324443000187550010000150801109710101|06042011|06042011|194,76|1|||194,76|1||||0|0||||1,27|5,84|||
|C190|060|5405||194,76|0|0|0|0|0|0||
|C100|1|0|5033|55|00|1|000015081|23110407324443000187550010000150811820663653|06042011|06042011|336,45|1|||336,45|1||||0|0||||2,19|10,09|||
|C190|060|5405||336,45|0|0|0|0|0|0||
|C100|1|0|1020|55|00|1|000015082|23110407324443000187550010000150821353521422|06042011|06042011|627,72|1|||627,72|1||||0|0||||4,08|18,83|||
|C190|060|5405||627,72|0|0|0|0|0|0||
|C100|1|0|1020|55|00|1|000015083|23110407324443000187550010000150831393731018|06042011|06042011|748,16|1|||748,16|1||||0|0||||4,86|22,44|||
|C190|060|5405||748,16|0|0|0|0|0|0||
|C100|1|0|1020|55|00|1|000015084|23110407324443000187550010000150841275115926|06042011|06042011|446,92|1|||446,92|1||||0|0||||2,91|13,41|||
|C190|060|5405||446,92|0|0|0|0|0|0||
|C100|1|0|1020|55|00|1|000015085|23110407324443000187550010000150851103121690|06042011|06042011|835,95|1|||835,95|1||||0|0||||5,43|25,08|||
|C190|060|5405||835,95|0|0|0|0|0|0||
|C100|1|0|1020|55|00|1|000015086|23110407324443000187550010000150861564184719|06042011|06042011|409,64|1|||409,64|1||||0|0||||2,66|12,29|||
|C190|060|5405||409,64|0|0|0|0|0|0||
|C100|1|0|1020|55|00|1|000015087|23110407324443000187550010000150871097042598|06042011|06042011|186,08|1|||186,08|1||||0|0||||1,21|5,58|||
|C190|060|5405||186,08|0|0|0|0|0|0||
|C100|1|0|1020|55|00|1|000015088|23110407324443000187550010000150881088100030|06042011|06042011|109,20|1|||109,20|1||||0|0||||0,71|3,28|||
|C190|060|5405||109,20|0|0|0|0|0|0||
|C100|1|0|4681|55|00|1|000015089|23110407324443000187550010000150891142979136|06042011|06042011|237,80|1|||237,80|1||||0|0||||1,55|7,13|||
|C190|060|5405||237,80|0|0|0|0|0|0||
|C100|1|0|12874|55|00|1|000015090|23110407324443000187550010000150901913160006|06042011|06042011|380,59|1|||380,59|1||||0|0||||2,47|11,42|||
|C190|060|5405||380,59|0|0|0|0|0|0||
|C100|1|0|12874|55|00|1|000015091|23110407324443000187550010000150911446029985|06042011|06042011|520,28|1|||520,28|1||||0|0||||3,38|15,61|||
|C190|060|5405||520,28|0|0|0|0|0|0||
|C100|1|0|12874|55|00|1|000015092|23110407324443000187550010000150921685109774|06042011|06042011|95,77|1|||95,77|1||||0|0||||0,62|2,87|||
|C190|060|5405||95,77|0|0|0|0|0|0||
|C100|1|0|12874|55|00|1|000015093|23110407324443000187550010000150931110195558|06042011|06042011|210,31|1|||210,31|1||||0|0||||1,37|6,31|||
|C190|060|5405||210,31|0|0|0|0|0|0||
|C100|1|0|4994|55|00|1|000015094|23110407324443000187550010000150941413058210|06042011|06042011|331,66|1|||331,66|1||||0|0||||2,16|9,95|||
|C190|060|5405||331,66|0|0|0|0|0|0||
|C100|1|0|4339|55|00|1|000015095|23110407324443000187550010000150951657781171|06042011|06042011|507,48|1|||507,48|1||||0|0||||3,30|15,22|||
|C190|060|5405||507,48|0|0|0|0|0|0||
|C100|1|0|4201|55|00|1|000015096|23110407324443000187550010000150961202480102|06042011|06042011|426,50|1|||426,50|1||||0|0||||2,77|12,80|||
|C190|060|5405||426,50|0|0|0|0|0|0||
|C100|1|0|4201|55|00|1|000015097|23110407324443000187550010000150971381020176|06042011|06042011|107,30|1|||107,30|1||||0|0||||0,70|3,22|||
|C190|060|5405||107,30|0|0|0|0|0|0||
|C100|1|0|5036|55|00|1|000015098|23110407324443000187550010000150981235476699|06042011|06042011|568,92|1|||568,92|1||||0|0||||3,70|17,07|||
|C190|060|5405||568,92|0|0|0|0|0|0||
|C100|1|0|5036|55|00|1|000015099|23110407324443000187550010000150991868334468|06042011|06042011|569,55|1|||569,55|1||||0|0||||3,70|17,09|||
|C190|060|5405||569,55|0|0|0|0|0|0||
|C100|1|0|5036|55|00|1|000015100|23110407324443000187550010000151001557638131|06042011|06042011|709,70|1|||709,70|1||||0|0||||4,61|21,29|||
|C190|060|5403||208,24|0|0|0|0|0|0||
|C190|060|5405||501,46|0|0|0|0|0|0||
|C100|1|0|3735|55|00|1|000015101|23110407324443000187550010000151011580123107|06042011|06042011|1612,42|1|||1612,42|1||||0|0||||10,48|48,37|||
|C190|060|5405||1612,42|0|0|0|0|0|0||
|C100|1|0|3034|55|00|1|000015102|23110407324443000187550010000151021602464880|06042011|06042011|1050,94|1|||1050,94|1||||0|0||||6,83|31,53|||
|C190|060|5405||1050,94|0|0|0|0|0|0||
|C100|1|0|4378|55|00|1|000015103|23110407324443000187550010000151031135322659|06042011|06042011|1430,05|1|||1430,05|1||||0|0||||9,30|42,90|||
|C190|060|5405||1430,05|0|0|0|0|0|0||
|C100|1|0|3301|55|00|1|000015104|23110407324443000187550010000151041768290428|06042011|06042011|718,40|1|||718,40|1||||0|0||||4,67|21,55|||
|C190|060|5405||718,40|0|0|0|0|0|0||
|C100|1|0|3301|55|00|1|000015105|23110407324443000187550010000151051346260100|06042011|06042011|1050,69|1|||1050,69|1||||0|0||||6,83|31,52|||
|C190|060|5405||1050,69|0|0|0|0|0|0||
|C100|1|0|3301|55|00|1|000015106|23110407324443000187550010000151061813017076|06042011|06042011|1013,77|1|||1013,77|1||||0|0||||6,59|30,41|||
|C190|060|5405||1013,77|0|0|0|0|0|0||
|C100|1|0|13063|55|00|1|000015107|23110407324443000187550010000151071108108594|06042011|06042011|1799,50|1|||1799,50|1||||0|0||||11,70|53,99|||
|C190|060|5405||1799,50|0|0|0|0|0|0||
|C100|1|0|5005|55|00|1|000015108|23110407324443000187550010000151081979943714|06042011|06042011|121,23|1|||121,23|1||||0|0||||0,79|3,64|||
|C190|060|5405||121,23|0|0|0|0|0|0||
|C100|1|0|17701|55|00|1|000015109|23110407324443000187550010000151091850669105|06042011|06042011|783,72|1|||783,72|1||||0|0||||5,09|23,51|||
|C190|060|5405||783,72|0|0|0|0|0|0||
|C100|1|0|17701|55|00|1|000015110|23110407324443000187550010000151101742710346|06042011|06042011|507,92|1|||507,92|1||||0|0||||3,30|15,24|||
|C190|060|5405||507,92|0|0|0|0|0|0||
|C100|1|0|4313|55|00|1|000015111|23110407324443000187550010000151111990663817|06042011|06042011|1216,76|1|||1216,76|1||||0|0||||7,91|36,50|||
|C190|060|5405||1216,76|0|0|0|0|0|0||
|C100|1|0|4313|55|00|1|000015112|23110407324443000187550010000151121289610106|06042011|06042011|539,27|1|||539,27|1||||0|0||||3,51|16,18|||
|C190|060|5405||539,27|0|0|0|0|0|0||
|C100|1|0|4313|55|00|1|000015113|23110407324443000187550010000151131850898980|06042011|06042011|398,73|1|||398,73|1||||0|0||||2,59|11,96|||
|C190|060|5405||398,73|0|0|0|0|0|0||
|C100|1|0|4313|55|00|1|000015114|23110407324443000187550010000151141383756750|06042011|06042011|39,80|1|||39,80|1||||0|0||||0,26|1,19|||
|C190|060|5405||39,80|0|0|0|0|0|0||
|C100|1|0|13264|55|00|1|000015115|23110407324443000187550010000151151906614529|06042011|06042011|309,15|1|||309,15|1||||0|0||||2,01|9,27|||
|C190|060|5405||309,15|0|0|0|0|0|0||
|C100|1|0|4722|55|00|1|000015116|23110407324443000187550010000151161754524112|07042011|07042011|884,67|1|||884,67|1||||0|0||||5,75|26,54|||
|C190|060|5405||884,67|0|0|0|0|0|0||
|C100|1|0|4722|55|00|1|000015117|23110407324443000187550010000151171106144018|07042011|07042011|65,90|1|||65,90|1||||0|0||||0,43|1,98|||
|C190|060|5405||65,90|0|0|0|0|0|0||
|C100|1|0|4388|55|00|1|000015118|23110407324443000187550010000151181498019102|07042011|07042011|520,45|1|||520,45|1||||0|0||||3,38|15,61|||
|C190|060|5405||520,45|0|0|0|0|0|0||
|C100|1|0|4745|55|00|1|000015119|23110407324443000187550010000151191017277815|07042011|07042011|214,99|1|||214,99|1||||0|0||||1,40|6,45|||
|C190|060|5405||214,99|0|0|0|0|0|0||
|C100|1|0|10195|55|00|1|000015120|23110407324443000187550010000151201898569795|07042011|07042011|247,47|1|||247,47|1||||0|0||||1,61|7,42|||
|C190|060|5405||247,47|0|0|0|0|0|0||
|C100|1|0|17277|55|00|1|000015121|23110407324443000187550010000151211310427564|07042011|07042011|1268,04|1|||1268,04|1||||0|0||||8,24|38,04|||
|C190|060|5405||1268,04|0|0|0|0|0|0||
|C100|1|0|17277|55|00|1|000015122|23110407324443000187550010000151221943395333|07042011|07042011|1195,44|1|||1195,44|1||||0|0||||7,77|35,86|||
|C190|060|5405||1195,44|0|0|0|0|0|0||
|C100|1|0|17277|55|00|1|000015123|23110407324443000187550010000151231476253102|07042011|07042011|419,75|1|||419,75|1||||0|0||||2,73|12,59|||
|C190|060|5405||419,75|0|0|0|0|0|0||
|C100|1|0|5045|55|00|1|000015124|23110407324443000187550010000151241992892315|07042011|07042011|640,32|1|||640,32|1||||0|0||||4,16|19,21|||
|C190|060|5405||640,32|0|0|0|0|0|0||
|C100|1|0|5045|55|00|1|000015125|23110407324443000187550010000151251990601086|07042011|07042011|234,66|1|||234,66|1||||0|0||||1,53|7,04|||
|C190|060|5405||234,66|0|0|0|0|0|0||
|C100|1|0|4517|55|00|1|000015126|23110407324443000187550010000151261202104861|07042011|07042011|2083,13|1|||2083,13|1||||0|0||||13,54|62,49|||
|C190|060|5405||2083,13|0|0|0|0|0|0||
|C100|1|0|4517|55|00|1|000015127|23110407324443000187550010000151271884940314|07042011|07042011|318,40|1|||318,40|1||||0|0||||2,07|9,55|||
|C190|060|5405||318,40|0|0|0|0|0|0||
|C100|1|0|4620|55|00|1|000015128|23110407324443000187550010000151281561087420|07042011|07042011|1322,18|1|||1322,18|1||||0|0||||8,59|39,67|||
|C190|060|5405||1322,18|0|0|0|0|0|0||
|C100|1|0|4620|55|00|1|000015129|23110407324443000187550010000151291732732047|07042011|07042011|351,20|1|||351,20|1||||0|0||||2,28|10,54|||
|C190|060|5405||351,20|0|0|0|0|0|0||
|C100|1|0|3708|55|00|1|000015130|23110407324443000187550010000151301675451014|07042011|07042011|1045,49|1|||1045,49|1||||0|0||||6,80|31,36|||
|C190|060|5405||1045,49|0|0|0|0|0|0||
|C100|1|0|800010392|55|00|1|000015131|23110407324443000187550010000151311103699280|07042011|07042011|1190,44|1|||1190,44|1||||0|0||||7,74|35,71|||
|C190|060|5405||1190,44|0|0|0|0|0|0||
|C100|1|0|800010392|55|00|1|000015132|23110407324443000187550010000151321569850665|07042011|07042011|1078,43|1|||1078,43|1||||0|0||||7,01|32,35|||
|C190|060|5405||1078,43|0|0|0|0|0|0||
|C100|1|0|800010392|55|00|1|000015133|23110407324443000187550010000151331091719434|07042011|07042011|278,00|1|||278,00|1||||0|0||||1,81|8,34|||
|C190|060|5405||278,00|0|0|0|0|0|0||
|C100|1|0|5047|55|00|1|000015134|23110407324443000187550010000151341614687203|07042011|07042011|641,53|1|||641,53|1||||0|0||||4,17|19,25|||
|C190|060|5405||641,53|0|0|0|0|0|0||
|C100|1|0|5047|55|00|1|000015135|23110407324443000187550010000151351147545082|07042011|07042011|724,30|1|||724,30|1||||0|0||||4,71|21,73|||
|C190|060|5405||724,30|0|0|0|0|0|0||
|C100|1|0|5047|55|00|1|000015136|23110407324443000187550010000151361109104039|07042011|07042011|214,41|1|||214,41|1||||0|0||||1,39|6,43|||
|C190|060|5405||214,41|0|0|0|0|0|0||
|C100|1|0|5047|55|00|1|000015137|23110407324443000187550010000151371041084647|07042011|07042011|73,40|1|||73,40|1||||0|0||||0,48|2,20|||
|C190|060|5405||73,40|0|0|0|0|0|0||
|C100|1|0|16912|55|00|1|000015138|23110407324443000187550010000151381904267516|07042011|07042011|349,04|1|||349,04|1||||0|0||||2,27|10,47|||
|C190|060|5405||349,04|0|0|0|0|0|0||
|C100|1|0|4700|55|00|1|000015139|23110407324443000187550010000151391344010830|07042011|07042011|361,78|1|||361,78|1||||0|0||||2,35|10,85|||
|C190|060|5405||361,78|0|0|0|0|0|0||
|C100|1|0|4369|55|00|1|000015140|23110407324443000187550010000151401710972107|07042011|07042011|764,37|1|||764,37|1||||0|0||||4,97|22,93|||
|C190|060|5405||764,37|0|0|0|0|0|0||
|C100|1|0|4369|55|00|1|000015141|23110407324443000187550010000151411651358018|07042011|07042011|1073,62|1|||1073,62|1||||0|0||||6,98|32,21|||
|C190|060|5405||1073,62|0|0|0|0|0|0||
|C100|1|0|16922|55|00|1|000015142|23110407324443000187550010000151421184216997|07042011|07042011|96,99|1|||96,99|1||||0|0||||0,63|2,91|||
|C190|060|5405||96,99|0|0|0|0|0|0||
|C100|1|0|16922|55|00|1|000015143|23110407324443000187550010000151431707184766|07042011|07042011|220,04|1|||220,04|1||||0|0||||1,43|6,60|||
|C190|060|5405||220,04|0|0|0|0|0|0||
|C100|1|0||55|02|1|000015144|23110407324443000187550010000151441411004256|||||||||||||||||||||
|C100|1|0|3809|55|00|1|000015145|23110407324443000187550010000151451307100039|07042011|07042011|484,64|1|||484,64|1||||0|0||||3,15|14,54|||
|C190|060|5405||484,64|0|0|0|0|0|0||
|C100|1|0|5053|55|00|1|000015146|23110407324443000187550010000151461395979183|07042011|07042011|257,85|1|||257,85|1||||0|0||||1,68|7,74|||
|C190|060|5405||257,85|0|0|0|0|0|0||
|C100|1|0|4400|55|00|1|000015147|23110407324443000187550010000151471041089513|07042011|07042011|2044,82|1|||2044,82|1||||0|0||||13,29|61,34|||
|C190|060|5405||2044,82|0|0|0|0|0|0||
|C100|1|0|4400|55|00|1|000015148|23110407324443000187550010000151481145210588|07042011|07042011|1000,67|1|||1000,67|1||||0|0||||6,50|30,02|||
|C190|060|5405||1000,67|0|0|0|0|0|0||
|C100|1|0|4400|55|00|1|000015149|23110407324443000187550010000151491103468371|07042011|07042011|207,59|1|||207,59|1||||0|0||||1,35|6,23|||
|C190|060|5405||207,59|0|0|0|0|0|0||
|C100|1|0|3799|55|00|1|000015150|23110407324443000187550010000151501744955570|07042011|07042011|807,40|1|||807,40|1||||0|0||||5,25|24,22|||
|C190|060|5405||807,40|0|0|0|0|0|0||
|C100|1|0|4715|55|00|1|000015151|23110407324443000187550010000151511277813340|07042011|07042011|1367,64|1|||1367,64|1||||0|0||||8,89|41,03|||
|C190|060|5405||1367,64|0|0|0|0|0|0||
|C100|1|0|4715|55|00|1|000015152|23110407324443000187550010000151521322102904|07042011|07042011|493,00|1|||493,00|1||||0|0||||3,20|14,79|||
|C190|060|5405||493,00|0|0|0|0|0|0||
|C100|1|0|11474|55|00|1|000015153|23110407324443000187550010000151531027780104|07042011|07042011|1106,72|1|||1106,72|1||||0|0||||7,19|33,20|||
|C190|060|5405||1106,72|0|0|0|0|0|0||
|C100|1|0|4795|55|00|1|000015154|23110407324443000187550010000151541955508867|07042011|07042011|1292,37|1|||1292,37|1||||0|0||||8,40|38,77|||
|C190|060|5405||1292,37|0|0|0|0|0|0||
|C100|1|0|13569|55|00|1|000015155|23110407324443000187550010000151551488476636|07042011|07042011|372,29|1|||372,29|1||||0|0||||2,42|11,17|||
|C190|060|5405||372,29|0|0|0|0|0|0||
|C100|1|0|13569|55|00|1|000015156|23110407324443000187550010000151561100033441|07042011|07042011|261,24|1|||261,24|1||||0|0||||1,70|7,84|||
|C190|060|5405||261,24|0|0|0|0|0|0||
|C100|1|0||55|02|1|000015157|23110407324443000187550010000151571104641028|||||||||||||||||||||
|C100|1|0|13718|55|00|1|000015158|23110407324443000187550010000151581066160053|07042011|07042011|561,33|1|||561,33|1||||0|0||||3,65|16,84|||
|C190|060|5405||561,33|0|0|0|0|0|0||
|C100|1|0|13718|55|00|1|000015159|23110407324443000187550010000151591699029922|07042011|07042011|469,27|1|||469,27|1||||0|0||||3,05|14,08|||
|C190|060|5405||469,27|0|0|0|0|0|0||
|C100|1|0|4155|55|00|1|000015160|23110407324443000187550010000151601194316011|07042011|07042011|814,20|1|||814,20|1||||0|0||||5,29|24,43|||
|C190|060|5405||814,20|0|0|0|0|0|0||
|C100|1|0|13237|55|00|1|000015161|23110407324443000187550010000151611992289671|07042011|07042011|1202,91|1|||1202,91|1||||0|0||||7,82|36,09|||
|C190|060|5405||1202,91|0|0|0|0|0|0||
|C100|1|0|4824|55|00|1|000015162|23110407324443000187550010000151621415147440|07042011|07042011|595,05|1|||595,05|1||||0|0||||3,87|17,85|||
|C190|060|5405||595,05|0|0|0|0|0|0||
|C100|1|0|17975|55|00|1|000015163|23110407324443000187550010000151631104800522|07042011|07042011|305,77|1|||305,77|1||||0|0||||1,99|9,17|||
|C190|060|5405||305,77|0|0|0|0|0|0||
|C100|1|0|17976|55|00|1|000015164|23110407324443000187550010000151641401107306|08042011|08042011|2059,06|1|||2059,06|1||||0|0||||13,38|61,77|||
|C190|060|5405||2059,06|0|0|0|0|0|0||
|C100|1|0|17976|55|00|1|000015165|23110407324443000187550010000151651003015921|08042011|08042011|776,52|1|||776,52|1||||0|0||||5,05|23,30|||
|C190|060|5405||776,52|0|0|0|0|0|0||
|C100|1|0|17976|55|00|1|000015166|23110407324443000187550010000151661307841071|08042011|08042011|902,70|1|||902,70|1||||0|0||||5,87|27,08|||
|C190|060|5405||902,70|0|0|0|0|0|0||
|C100|1|0|17976|55|00|1|000015167|23110407324443000187550010000151671159768506|08042011|08042011|990,83|1|||990,83|1||||0|0||||6,44|29,72|||
|C190|060|5405||990,83|0|0|0|0|0|0||
|C100|1|0|17976|55|00|1|000015168|23110407324443000187550010000151681781626385|08042011|08042011|1178,50|1|||1178,50|1||||0|0||||7,66|35,36|||
|C190|060|5405||1178,50|0|0|0|0|0|0||
|C100|1|0|17976|55|00|1|000015169|23110407324443000187550010000151691204594154|08042011|08042011|895,67|1|||895,67|1||||0|0||||5,82|26,87|||
|C190|060|5403||340,95|0|0|0|0|0|0||
|C190|060|5405||554,72|0|0|0|0|0|0||
|C100|1|0|5045|55|00|1|000015170|23110407324443000187550010000151701108588603|08042011|08042011|268,32|1|||268,32|1||||0|0||||1,74|8,05|||
|C190|060|5405||268,32|0|0|0|0|0|0||
|C100|1|0|17703|55|00|1|000015171|23110407324443000187550010000151711214732213|08042011|08042011|513,70|1|||513,70|1||||0|0||||3,34|15,41|||
|C190|060|5405||513,70|0|0|0|0|0|0||
|C100|1|0|12882|55|00|1|000015172|23110407324443000187550010000151721030602772|08042011|08042011|285,72|1|||285,72|1||||0|0||||1,86|8,57|||
|C190|060|5405||285,72|0|0|0|0|0|0||
|C100|1|0|4924|55|00|1|000015173|23110407324443000187550010000151731663570541|08042011|08042011|295,85|1|||295,85|1||||0|0||||1,92|8,88|||
|C190|060|5405||295,85|0|0|0|0|0|0||
|C100|1|0|3700|55|00|1|000015174|23110407324443000187550010000151741196439310|08042011|08042011|259,85|1|||259,85|1||||0|0||||1,69|7,80|||
|C190|060|5405||259,85|0|0|0|0|0|0||
|C100|1|0|13250|55|00|1|000015175|23110407324443000187550010000151751648810710|08042011|08042011|536,08|1|||536,08|1||||0|0||||3,48|16,08|||
|C190|060|5405||536,08|0|0|0|0|0|0||
|C100|1|0|13062|55|00|1|000015176|23110407324443000187550010000151761941561105|08042011|08042011|10,47|1|||10,47|1||||0|0||||0,07|0,31|||
|C190|060|5405||10,47|0|0|0|0|0|0||
|C100|1|0|10465|55|00|1|000015177|23110407324443000187550010000151771874123838|08042011|08042011|228,55|1|||228,55|1||||0|0||||1,49|6,86|||
|C190|060|5405||228,55|0|0|0|0|0|0||
|C100|1|0|3734|55|00|1|000015178|23110407324443000187550010000151781778101702|08042011|08042011|275,84|1|||275,84|1||||0|0||||1,79|8,28|||
|C190|060|5405||275,84|0|0|0|0|0|0||
|C100|1|0|4705|55|00|1|000015179|23110407324443000187550010000151791766351048|08042011|08042011|666,69|1|||666,69|1||||0|0||||4,33|20,00|||
|C190|060|5405||666,69|0|0|0|0|0|0||
|C100|1|0|3713|55|00|1|000015180|23110407324443000187550010000151801626310854|08042011|08042011|578,62|1|||578,62|1||||0|0||||3,76|17,36|||
|C190|060|5405||578,62|0|0|0|0|0|0||
|C100|1|0|3749|55|00|1|000015181|23110407324443000187550010000151811015961014|08042011|08042011|1018,47|1|||1018,47|1||||0|0||||6,62|30,55|||
|C190|060|5405||1018,47|0|0|0|0|0|0||
|C100|1|0|4942|55|00|1|000015182|23110407324443000187550010000151821344059415|08042011|08042011|1508,22|1|||1508,22|1||||0|0||||9,80|45,25|||
|C190|060|5405||1508,22|0|0|0|0|0|0||
|C100|1|0|4942|55|00|1|000015183|23110407324443000187550010000151831506103683|08042011|08042011|923,99|1|||923,99|1||||0|0||||6,01|27,72|||
|C190|060|5405||923,99|0|0|0|0|0|0||
|C100|1|0|4133|55|00|1|000015184|23110407324443000187550010000151841322101049|08042011|08042011|1485,05|1|||1485,05|1||||0|0||||9,65|44,55|||
|C190|060|5405||1485,05|0|0|0|0|0|0||
|C100|1|0|4133|55|00|1|000015185|23110407324443000187550010000151851334862411|08042011|08042011|1096,74|1|||1096,74|1||||0|0||||7,13|32,90|||
|C190|060|5405||1096,74|0|0|0|0|0|0||
|C100|1|0|4133|55|00|1|000015186|23110407324443000187550010000151861967720290|08042011|08042011|72,23|1|||72,23|1||||0|0||||0,47|2,17|||
|C190|060|5405||72,23|0|0|0|0|0|0||
|C100|1|0|4133|55|00|1|000015187|23110407324443000187550010000151871221069907|08042011|08042011|120,68|1|||120,68|1||||0|0||||0,78|3,62|||
|C190|060|5405||120,68|0|0|0|0|0|0||
|C100|1|0|4366|55|00|1|000015188|23110407324443000187550010000151881101255794|08042011|08042011|1038,45|1|||1038,45|1||||0|0||||6,75|31,15|||
|C190|060|5405||1038,45|0|0|0|0|0|0||
|C100|1|0|4366|55|00|1|000015189|23110407324443000187550010000151891545415708|08042011|08042011|260,87|1|||260,87|1||||0|0||||1,70|7,83|||
|C190|060|5405||260,87|0|0|0|0|0|0||
|C100|1|0|17977|55|00|1|000015190|23110407324443000187550010000151901216707688|08042011|08042011|720,10|1|||720,10|1||||0|0||||4,68|21,60|||
|C190|060|5403||370,76|0|0|0|0|0|0||
|C190|060|5405||349,34|0|0|0|0|0|0||
|C100|1|0|17977|55|00|1|000015191|23110407324443000187550010000151911849675457|08042011|08042011|273,87|1|||273,87|1||||0|0||||1,78|8,22|||
|C190|060|5405||273,87|0|0|0|0|0|0||
|C100|1|0|17977|55|00|1|000015192|23110407324443000187550010000151921371533226|08042011|08042011|322,88|1|||322,88|1||||0|0||||2,10|9,69|||
|C190|060|5405||322,88|0|0|0|0|0|0||
|C100|1|0|4698|55|00|1|000015193|23110407324443000187550010000151931410739435|08042011|08042011|1350,72|1|||1350,72|1||||0|0||||8,78|40,52|||
|C190|060|5405||1350,72|0|0|0|0|0|0||
|C100|1|0|4884|55|00|1|000015194|23110407324443000187550010000151941474471090|08042011|08042011|1214,29|1|||1214,29|1||||0|0||||7,89|36,43|||
|C190|060|5405||1214,29|0|0|0|0|0|0||
|C100|1|0|17692|55|00|1|000015195|23110407324443000187550010000151951751022870|08042011|08042011|2547,93|1|||2547,93|1||||0|0||||16,56|76,44|||
|C190|060|6403||2547,93|0|0|0|0|0|0||
|C100|1|0|17692|55|00|1|000015196|23110407324443000187550010000151961582196512|08042011|08042011|1646,75|1|||1646,75|1||||0|0||||10,70|49,40|||
|C190|060|6403||1646,75|0|0|0|0|0|0||
|C100|1|0|4265|55|00|1|000015197|23110407324443000187550010000151971005054391|08042011|08042011|1498,26|1|||1498,26|1||||0|0||||9,74|44,95|||
|C190|060|5405||1498,26|0|0|0|0|0|0||
|C100|1|0|17292|55|00|1|000015198|23110407324443000187550010000151981003101217|08042011|08042011|628,18|1|||628,18|1||||0|0||||4,08|18,85|||
|C190|060|5405||628,18|0|0|0|0|0|0||
|C100|1|0|4367|55|00|1|000015199|23110407324443000187550010000151991766342106|08042011|08042011|802,99|1|||802,99|1||||0|0||||5,22|24,09|||
|C190|060|5405||802,99|0|0|0|0|0|0||
|C100|1|0|4367|55|00|1|000015200|23110407324443000187550010000152001341018475|08042011|08042011|200,39|1|||200,39|1||||0|0||||1,30|6,01|||
|C190|060|5405||200,39|0|0|0|0|0|0||
|C100|1|0|4615|55|00|1|000015201|23110407324443000187550010000152011482042582|08042011|08042011|699,35|1|||699,35|1||||0|0||||4,55|20,98|||
|C190|060|5405||699,35|0|0|0|0|0|0||
|C100|1|0|4615|55|00|1|000015202|23110407324443000187550010000152021636100037|08042011|08042011|296,86|1|||296,86|1||||0|0||||1,93|8,91|||
|C190|060|5405||296,86|0|0|0|0|0|0||
|C100|1|0|4615|55|00|1|000015203|23110407324443000187550010000152031538979120|08042011|08042011|569,84|1|||569,84|1||||0|0||||3,70|17,10|||
|C190|060|5405||569,84|0|0|0|0|0|0||
|C100|1|0|4615|55|00|1|000015204|23110407324443000187550010000152041685525318|08042011|08042011|400,41|1|||400,41|1||||0|0||||2,60|12,01|||
|C190|060|5405||400,41|0|0|0|0|0|0||
|C100|1|0|4615|55|00|1|000015205|23110407324443000187550010000152051476682310|08042011|08042011|61,77|1|||61,77|1||||0|0||||0,40|1,85|||
|C190|060|5405||61,77|0|0|0|0|0|0||
|C100|1|0|4615|55|00|1|000015206|23110407324443000187550010000152061116663648|08042011|08042011|97,80|1|||97,80|1||||0|0||||0,64|2,93|||
|C190|060|5405||97,80|0|0|0|0|0|0||
|C100|1|0|4388|55|00|1|000015207|23110407324443000187550010000152071749521417|08042011|08042011|567,18|1|||567,18|1||||0|0||||3,69|17,02|||
|C190|060|5405||567,18|0|0|0|0|0|0||
|C100|1|0|11684|55|00|1|000015208|23110407324443000187550010000152081100010210|08042011|08042011|590,33|1|||590,33|1||||0|0||||3,84|17,71|||
|C190|060|5405||590,33|0|0|0|0|0|0||
|C100|1|0|11684|55|00|1|000015209|23110407324443000187550010000152091710435808|08042011|08042011|17,20|1|||17,20|1||||0|0||||0,11|0,52|||
|C190|060|5405||17,20|0|0|0|0|0|0||
|C100|1|0|4815|55|00|1|000015210|23110407324443000187550010000152101687108010|08042011|08042011|695,00|1|||695,00|1||||0|0||||4,52|20,85|||
|C190|060|5405||695,00|0|0|0|0|0|0||
|C100|1|0|10465|55|00|1|000015211|23110407324443000187550010000152111210850880|08042011|08042011|477,38|1|||477,38|1||||0|0||||3,10|14,32|||
|C190|060|5405||477,38|0|0|0|0|0|0||
|C100|1|0|10394|55|00|1|000015212|23110407324443000187550010000152121620476683|08042011|08042011|393,02|1|||393,02|1||||0|0||||2,55|11,79|||
|C190|060|5405||393,02|0|0|0|0|0|0||
|C100|1|0|10394|55|00|1|000015213|23110407324443000187550010000152131153334452|08042011|08042011|538,22|1|||538,22|1||||0|0||||3,50|16,15|||
|C190|060|5403||128,47|0|0|0|0|0|0||
|C190|060|5405||409,75|0|0|0|0|0|0||
|C100|1|0|10394|55|00|1|000015214|23110407324443000187550010000152141860710227|08042011|08042011|325,91|1|||325,91|1||||0|0||||2,12|9,78|||
|C190|060|5405||325,91|0|0|0|0|0|0||
|C100|1|0|4688|55|00|1|000015215|23110407324443000187550010000152151705941510|08042011|08042011|824,94|1|||824,94|1||||0|0||||5,36|24,75|||
|C190|060|5405||824,94|0|0|0|0|0|0||
|C100|1|0|4376|55|00|1|000015216|23110407324443000187550010000152161831029970|08042011|08042011|998,94|1|||998,94|1||||0|0||||6,49|29,97|||
|C190|060|5405||998,94|0|0|0|0|0|0||
|C100|1|0|4376|55|00|1|000015217|23110407324443000187550010000152171133109770|08042011|08042011|457,15|1|||457,15|1||||0|0||||2,97|13,71|||
|C190|060|5405||457,15|0|0|0|0|0|0||
|C100|1|0|3702|55|00|1|000015218|23110407324443000187550010000152181105874643|08042011|08042011|1110,53|1|||1110,53|1||||0|0||||7,22|33,32|||
|C190|060|5405||1110,53|0|0|0|0|0|0||
|C100|1|0|3702|55|00|1|000015219|23110407324443000187550010000152191871081338|08042011|08042011|223,30|1|||223,30|1||||0|0||||1,45|6,70|||
|C190|060|5405||223,30|0|0|0|0|0|0||
|C100|1|0|12746|55|00|1|000015220|23110407324443000187550010000152201612832265|08042011|08042011|958,27|1|||958,27|1||||0|0||||6,23|28,75|||
|C190|060|5405||958,27|0|0|0|0|0|0||
|C100|1|0|12746|55|00|1|000015221|23110407324443000187550010000152211730107304|08042011|08042011|49,12|1|||49,12|1||||0|0||||0,32|1,47|||
|C190|060|5405||49,12|0|0|0|0|0|0||
|C100|1|0|12746|55|00|1|000015222|23110407324443000187550010000152221246931905|08042011|08042011|77,77|1|||77,77|1||||0|0||||0,51|2,33|||
|C190|060|5405||77,77|0|0|0|0|0|0||
|C100|1|0|13577|55|00|1|000015223|23110407324443000187550010000152231121041073|08042011|08042011|1517,98|1|||1517,98|1||||0|0||||9,87|45,54|||
|C190|060|5405||1517,98|0|0|0|0|0|0||
|C100|1|0|13577|55|00|1|000015224|23110407324443000187550010000152241810176851|08042011|08042011|1226,12|1|||1226,12|1||||0|0||||7,97|36,78|||
|C190|060|5405||1226,12|0|0|0|0|0|0||
|C100|1|0|13577|55|00|1|000015225|23110407324443000187550010000152251924626322|08042011|08042011|600,89|1|||600,89|1||||0|0||||3,91|18,03|||
|C190|060|5405||600,89|0|0|0|0|0|0||
|C100|1|0|13577|55|00|1|000015226|23110407324443000187550010000152261835268711|08042011|08042011|11,34|1|||11,34|1||||0|0||||0,07|0,34|||
|C190|060|5405||11,34|0|0|0|0|0|0||
|C100|1|0|12615|55|00|1|000015227|23110407324443000187550010000152271859976101|08042011|08042011|1119,32|1|||1119,32|1||||0|0||||7,28|33,58|||
|C190|060|5405||1119,32|0|0|0|0|0|0||
|C100|1|0|4826|55|00|1|000015228|23110407324443000187550010000152281502310840|08042011|08042011|1456,14|1|||1456,14|1||||0|0||||9,46|43,68|||
|C190|060|5405||1456,14|0|0|0|0|0|0||
|C100|1|0|4826|55|00|1|000015229|23110407324443000187550010000152291035289619|08042011|08042011|71,70|1|||71,70|1||||0|0||||0,47|2,15|||
|C190|060|5405||71,70|0|0|0|0|0|0||
|C100|1|0|3752|55|00|1|000015230|23110407324443000187550010000152301806570599|08042011|08042011|388,74|1|||388,74|1||||0|0||||2,53|11,66|||
|C190|060|5405||388,74|0|0|0|0|0|0||
|C100|1|0|3752|55|00|1|000015231|23110407324443000187550010000152311339439368|08042011|08042011|24,04|1|||24,04|1||||0|0||||0,16|0,72|||
|C190|060|5405||24,04|0|0|0|0|0|0||
|C100|1|0|4192|55|00|1|000015232|23110407324443000187550010000152321462010711|08042011|08042011|1299,32|1|||1299,32|1||||0|0||||8,45|38,98|||
|C190|060|5405||1299,32|0|0|0|0|0|0||
|C100|1|0|4538|55|00|1|000015233|23110407324443000187550010000152331287929046|08042011|08042011|1491,33|1|||1491,33|1||||0|0||||9,69|44,74|||
|C190|060|5405||1491,33|0|0|0|0|0|0||
|C100|1|0|4538|55|00|1|000015234|23110407324443000187550010000152341101712383|08042011|08042011|239,87|1|||239,87|1||||0|0||||1,56|7,20|||
|C190|060|5403||121,64|0|0|0|0|0|0||
|C190|060|5405||118,23|0|0|0|0|0|0||
|C100|1|0|10470|55|00|1|000015235|23110407324443000187550010000152351721009163|08042011|08042011|12,64|1|||12,64|1||||0|0||||0,08|0,38|||
|C190|060|5405||12,64|0|0|0|0|0|0||
|C100|1|0|5053|55|00|1|000015236|23110407324443000187550010000152361580651040|08042011|08042011|222,38|1|||222,38|1||||0|0||||1,45|6,67|||
|C190|060|5405||222,38|0|0|0|0|0|0||
|C100|1|0|13731|55|00|1|000015237|23110407324443000187550010000152371965684913|08042011|08042011|378,32|1|||378,32|1||||0|0||||2,46|11,35|||
|C190|060|5405||378,32|0|0|0|0|0|0||
|C100|1|0|13731|55|00|1|000015238|23110407324443000187550010000152381128886071|08042011|08042011|490,28|1|||490,28|1||||0|0||||3,19|14,71|||
|C190|060|5405||490,28|0|0|0|0|0|0||
|C100|1|0|13731|55|00|1|000015239|23110407324443000187550010000152391750744940|08042011|08042011|220,77|1|||220,77|1||||0|0||||1,44|6,62|||
|C190|060|5405||220,77|0|0|0|0|0|0||
|C100|1|0|17872|55|00|1|000015240|23110407324443000187550010000152401835103681|08042011|08042011|427,50|1|||427,50|1||||0|0||||2,78|12,83|||
|C190|060|5405||427,50|0|0|0|0|0|0||
|C100|1|0|17872|55|00|1|000015241|23110407324443000187550010000152411263210469|08042011|08042011|179,07|1|||179,07|1||||0|0||||1,16|5,37|||
|C190|060|5405||179,07|0|0|0|0|0|0||
|C100|1|0|4161|55|00|1|000015242|23110407324443000187550010000152421587862469|08042011|08042011|215,10|1|||215,10|1||||0|0||||1,40|6,45|||
|C190|060|5405||215,10|0|0|0|0|0|0||
|C100|1|0|4547|55|00|1|000015243|23110407324443000187550010000152431151072026|08042011|08042011|1886,90|1|||1886,90|1||||0|0||||12,26|56,61|||
|C190|060|5405||1886,90|0|0|0|0|0|0||
|C100|1|0|4547|55|00|1|000015244|23110407324443000187550010000152441632699007|08042011|08042011|116,30|1|||116,30|1||||0|0||||0,76|3,49|||
|C190|060|5405||116,30|0|0|0|0|0|0||
|C100|1|0|4161|55|00|1|000015245|23110407324443000187550010000152451165557986|08042011|08042011|149,44|1|||149,44|1||||0|0||||0,97|4,48|||
|C190|060|5405||149,44|0|0|0|0|0|0||
|C100|1|0|4161|55|00|1|000015246|23110407324443000187550010000152461687101590|08042011|08042011|54,07|1|||54,07|1||||0|0||||0,35|1,62|||
|C190|060|5405||54,07|0|0|0|0|0|0||
|C100|1|0|4887|55|00|1|000015247|23110407324443000187550010000152471210383524|08042011|08042011|833,49|1|||833,49|1||||0|0||||5,42|25,00|||
|C190|060|5405||833,49|0|0|0|0|0|0||
|C100|1|0|4887|55|00|1|000015248|23110407324443000187550010000152481440110004|08042011|08042011|99,52|1|||99,52|1||||0|0||||0,65|2,99|||
|C190|060|5405||99,52|0|0|0|0|0|0||
|C100|1|0|10510|55|00|1|000015249|23110407324443000187550010000152491381016105|08042011|08042011|175,65|1|||175,65|1||||0|0||||1,14|5,27|||
|C190|060|5405||175,65|0|0|0|0|0|0||
|C100|1|0|10510|55|00|1|000015250|23110407324443000187550010000152501064410106|08042011|08042011|25,00|1|||25,00|1||||0|0||||0,16|0,75|||
|C190|060|5405||25,00|0|0|0|0|0|0||
|C100|1|0|10510|55|00|1|000015251|23110407324443000187550010000152511299771092|08042011|08042011|16,40|1|||16,40|1||||0|0||||0,11|0,49|||
|C190|060|5405||16,40|0|0|0|0|0|0||
|C100|1|0|10510|55|00|1|000015252|23110407324443000187550010000152521410222877|08042011|08042011|17,14|1|||17,14|1||||0|0||||0,11|0,51|||
|C190|060|5405||17,14|0|0|0|0|0|0||
|C100|1|0|10510|55|00|1|000015253|23110407324443000187550010000152531725196560|08042011|08042011|60,32|1|||60,32|1||||0|0||||0,39|1,81|||
|C190|060|5405||60,32|0|0|0|0|0|0||
|C100|1|0|12004|55|00|1|000015254|23110407324443000187550010000152541258054339|11042011|11042011|542,05|1|||542,05|1||||0|0||||3,52|16,26|||
|C190|060|5405||542,05|0|0|0|0|0|0||
|C100|1|0|12004|55|00|1|000015255|23110407324443000187550010000152551332101215|11042011|11042011|109,60|1|||109,60|1||||0|0||||0,71|3,29|||
|C190|060|5405||109,60|0|0|0|0|0|0||
|C100|1|0|2831|55|00|1|000015256|23110407324443000187550010000152561580642108|11042011|11042011|1710,16|1|||1710,16|1||||0|0||||11,12|51,30|||
|C190|060|5405||1710,16|0|0|0|0|0|0||
|C100|1|0|17287|55|00|1|000015257|23110407324443000187550010000152571936849856|11042011|11042011|600,97|1|||600,97|1||||0|0||||3,91|18,03|||
|C190|060|5405||600,97|0|0|0|0|0|0||
|C100|1|0|4178|55|00|1|000015258|23110407324443000187550010000152581469707625|11042011|11042011|890,24|1|||890,24|1||||0|0||||5,79|26,71|||
|C190|060|5405||890,24|0|0|0|0|0|0||
|C100|1|0|5053|55|00|1|000015259|23110407324443000187550010000152591506001708|11042011|11042011|161,00|1|||161,00|1||||0|0||||1,05|4,83|||
|C190|060|5405||161,00|0|0|0|0|0|0||
|C100|1|0|17871|55|00|1|000015260|23110407324443000187550010000152601762967374|11042011|11042011|406,45|1|||406,45|1||||0|0||||2,64|12,19|||
|C190|060|5405||406,45|0|0|0|0|0|0||
|C100|1|0|5058|55|00|1|000015261|23110407324443000187550010000152611626310854|11042011|11042011|473,16|1|||473,16|1||||0|0||||3,08|14,19|||
|C190|060|5405||473,16|0|0|0|0|0|0||
|C100|1|0|13394|55|00|1|000015262|23110407324443000187550010000152621498538103|11042011|11042011|222,06|1|||222,06|1||||0|0||||1,44|6,66|||
|C190|060|5405||222,06|0|0|0|0|0|0||
|C100|1|0|3770|55|00|1|000015263|23110407324443000187550010000152631340651891|11042011|11042011|1666,98|1|||1666,98|1||||0|0||||10,84|50,01|||
|C190|060|5405||1666,98|0|0|0|0|0|0||
|C100|1|0|3720|55|00|1|000015264|23110407324443000187550010000152641648281069|11042011|11042011|491,97|1|||491,97|1||||0|0||||3,20|14,76|||
|C190|060|5405||491,97|0|0|0|0|0|0||
|C100|1|0|3720|55|00|1|000015265|23110407324443000187550010000152651101064884|11042011|11042011|251,49|1|||251,49|1||||0|0||||1,63|7,54|||
|C190|060|5405||251,49|0|0|0|0|0|0||
|C100|1|0|3720|55|00|1|000015266|23110407324443000187550010000152661102934626|11042011|11042011|947,05|1|||947,05|1||||0|0||||6,16|28,41|||
|C190|060|5405||947,05|0|0|0|0|0|0||
|C100|1|0|3720|55|00|1|000015267|23110407324443000187550010000152671551204088|11042011|11042011|766,05|1|||766,05|1||||0|0||||4,98|22,98|||
|C190|060|5405||766,05|0|0|0|0|0|0||
|C100|1|0|3720|55|00|1|000015268|23110407324443000187550010000152681084172957|11042011|11042011|572,55|1|||572,55|1||||0|0||||3,72|17,18|||
|C190|060|5405||572,55|0|0|0|0|0|0||
|C100|1|0|4155|55|00|1|000015269|23110407324443000187550010000152691607030726|11042011|11042011|834,00|1|||834,00|1||||0|0||||5,42|25,02|||
|C190|060|5405||834,00|0|0|0|0|0|0||
|C100|1|0|4155|55|00|1|000015270|23110407324443000187550010000152701010096104|11042011|11042011|32,97|1|||32,97|1||||0|0||||0,21|0,99|||
|C190|060|5405||32,97|0|0|0|0|0|0||
|C100|1|0|13400|55|00|1|000015271|23110407324443000187550010000152711900290475|11042011|11042011|553,48|1|||553,48|1||||0|0||||3,60|16,60|||
|C190|060|5405||553,48|0|0|0|0|0|0||
|C100|1|0|13400|55|00|1|000015272|23110407324443000187550010000152721433159244|11042011|11042011|72,30|1|||72,30|1||||0|0||||0,47|2,17|||
|C190|060|5405||72,30|0|0|0|0|0|0||
|C100|1|0|4736|55|00|1|000015273|23110407324443000187550010000152731106601707|11042011|11042011|894,32|1|||894,32|1||||0|0||||5,81|26,83|||
|C190|060|5405||894,32|0|0|0|0|0|0||
|C100|1|0|4736|55|00|1|000015274|23110407324443000187550010000152741835294370|11042011|11042011|26,00|1|||26,00|1||||0|0||||0,17|0,78|||
|C190|060|5405||26,00|0|0|0|0|0|0||
|C100|1|0|4212|55|00|1|000015275|23110407324443000187550010000152751011943761|11042011|11042011|712,30|1|||712,30|1||||0|0||||4,63|21,37|||
|C190|060|5405||712,30|0|0|0|0|0|0||
|C100|1|0|4212|55|00|1|000015276|23110407324443000187550010000152761644801530|11042011|11042011|681,21|1|||681,21|1||||0|0||||4,43|20,44|||
|C190|060|5405||681,21|0|0|0|0|0|0||
|C100|1|0|4212|55|00|1|000015277|23110407324443000187550010000152771410789108|11042011|11042011|467,14|1|||467,14|1||||0|0||||3,04|14,01|||
|C190|060|5405||467,14|0|0|0|0|0|0||
|C100|1|0|4212|55|00|1|000015278|23110407324443000187550010000152781531063814|11042011|11042011|116,18|1|||116,18|1||||0|0||||0,76|3,49|||
|C190|060|5405||116,18|0|0|0|0|0|0||
|C100|1|0|3821|55|00|1|000015279|23110407324443000187550010000152791110542314|11042011|11042011|565,14|1|||565,14|1||||0|0||||3,67|16,95|||
|C190|060|5405||565,14|0|0|0|0|0|0||
|C100|1|0|3704|55|00|1|000015280|23110407324443000187550010000152801010389892|11042011|11042011|744,43|1|||744,43|1||||0|0||||4,84|22,33|||
|C190|060|5405||744,43|0|0|0|0|0|0||
|C100|1|0|13048|55|00|1|000015281|23110407324443000187550010000152811110547683|11042011|11042011|641,37|1|||641,37|1||||0|0||||4,17|19,24|||
|C190|060|5405||641,37|0|0|0|0|0|0||
|C100|1|0|5040|55|00|1|000015282|23110407324443000187550010000152821059614576|11042011|11042011|456,07|1|||456,07|1||||0|0||||2,96|13,68|||
|C190|060|5405||456,07|0|0|0|0|0|0||
|C100|1|0|11810|55|00|1|000015283|23110407324443000187550010000152831681582345|11042011|11042011|422,95|1|||422,95|1||||0|0||||2,75|12,69|||
|C190|060|5405||422,95|0|0|0|0|0|0||
|C100|1|0|5070|55|00|1|000015284|23110407324443000187550010000152841104440114|11042011|11042011|865,99|1|||865,99|1||||0|0||||5,63|25,98|||
|C190|060|5405||865,99|0|0|0|0|0|0||
|C100|1|0|5070|55|00|1|000015285|23110407324443000187550010000152851202319104|11042011|11042011|150,61|1|||150,61|1||||0|0||||0,98|4,52|||
|C190|060|5405||150,61|0|0|0|0|0|0||
|C100|1|0|4188|55|00|1|000015286|23110407324443000187550010000152861106102776|11042011|11042011|953,40|1|||953,40|1||||0|0||||6,20|28,60|||
|C190|060|5405||953,40|0|0|0|0|0|0||
|C100|1|0|4188|55|00|1|000015287|23110407324443000187550010000152871801038018|11042011|11042011|524,56|1|||524,56|1||||0|0||||3,41|15,74|||
|C190|060|5405||524,56|0|0|0|0|0|0||
|C100|1|0|16922|55|00|1|000015288|23110407324443000187550010000152881768101035|11042011|11042011|277,74|1|||277,74|1||||0|0||||1,81|8,33|||
|C190|060|5405||277,74|0|0|0|0|0|0||
|C100|1|0|17978|55|00|1|000015289|23110407324443000187550010000152891103410617|11042011|11042011|1033,44|1|||1033,44|1||||0|0||||6,72|31,00|||
|C190|060|5405||1033,44|0|0|0|0|0|0||
|C100|1|0|17978|55|00|1|000015290|23110407324443000187550010000152901619253150|11042011|11042011|160,37|1|||160,37|1||||0|0||||1,04|4,81|||
|C190|060|5405||160,37|0|0|0|0|0|0||
|C100|1|0|1923|55|00|1|000015291|23110407324443000187550010000152911041020410|11042011|11042011|1734,82|1|||1734,82|1||||0|0||||11,28|52,04|||
|C190|060|5405||1734,82|0|0|0|0|0|0||
|C100|1|0|1923|55|00|1|000015292|23110407324443000187550010000152921102991018|11042011|11042011|991,25|1|||991,25|1||||0|0||||6,44|29,74|||
|C190|060|5405||991,25|0|0|0|0|0|0||
|C100|1|0|11055|55|00|1|000015293|23110407324443000187550010000152931531104860|11042011|11042011|790,06|1|||790,06|1||||0|0||||5,14|23,70|||
|C190|060|5405||790,06|0|0|0|0|0|0||
|C100|1|0|11055|55|00|1|000015294|23110407324443000187550010000152941491090640|11042011|11042011|390,94|1|||390,94|1||||0|0||||2,54|11,73|||
|C190|060|5405||390,94|0|0|0|0|0|0||
|C100|1|0|11055|55|00|1|000015295|23110407324443000187550010000152951352874215|11042011|11042011|299,54|1|||299,54|1||||0|0||||1,95|8,99|||
|C190|060|5405||299,54|0|0|0|0|0|0||
|C100|1|0|17953|55|00|1|000015296|23110407324443000187550010000152961985732094|11042011|11042011|1405,39|1|||1405,39|1||||0|0||||9,14|42,16|||
|C190|060|5405||1405,39|0|0|0|0|0|0||
|C100|1|0|3698|55|00|1|000015297|23110407324443000187550010000152971368110095|11042011|11042011|1414,30|1|||1414,30|1||||0|0||||9,19|42,43|||
|C190|060|5405||1414,30|0|0|0|0|0|0||
|C100|1|0|10465|55|00|1|000015298|23110407324443000187550010000152981103056979|11042011|11042011|189,20|1|||189,20|1||||0|0||||1,23|5,68|||
|C190|060|5405||189,20|0|0|0|0|0|0||
|C100|1|0|13756|55|00|1|000015299|23110407324443000187550010000152991563427501|11042011|11042011|607,00|1|||607,00|1||||0|0||||3,95|18,21|||
|C190|060|5405||607,00|0|0|0|0|0|0||
|C100|1|0|3700|55|00|1|000015300|23110407324443000187550010000153001252720285|11042011|11042011|214,68|1|||214,68|1||||0|0||||1,40|6,44|||
|C190|060|5405||214,68|0|0|0|0|0|0||
|C100|1|0|11623|55|00|1|000015301|23110407324443000187550010000153011450732260|11042011|11042011|17,86|1|||17,86|1||||0|0||||0,12|0,54|||
|C190|060|5405||17,86|0|0|0|0|0|0||
|C100|1|0|17883|55|00|1|000015302|23110407324443000187550010000153021308557923|11042011|11042011|231,44|1|||231,44|1||||0|0||||1,50|6,94|||
|C190|060|5405||231,44|0|0|0|0|0|0||
|C100|1|0|3761|55|00|1|000015303|23110407324443000187550010000153031636942715|11042011|11042011|173,07|1|||173,07|1||||0|0||||1,13|5,19|||
|C190|060|5405||173,07|0|0|0|0|0|0||
|C100|1|0|3761|55|00|1|000015304|23110407324443000187550010000153041463383571|11042011|11042011|718,28|1|||718,28|1||||0|0||||4,67|21,55|||
|C190|060|5405||718,28|0|0|0|0|0|0||
|C100|1|0|3761|55|00|1|000015305|23110407324443000187550010000153051109624134|11042011|11042011|89,80|1|||89,80|1||||0|0||||0,58|2,69|||
|C190|060|5405||89,80|0|0|0|0|0|0||
|C100|1|0|17704|55|00|1|000015306|23110407324443000187550010000153061754461018|12042011|12042011|379,78|1|||379,78|1||||0|0||||2,47|11,39|||
|C190|060|5405||379,78|0|0|0|0|0|0||
|C100|1|0|13582|55|00|1|000015307|23110407324443000187550010000153071699105712|12042011|12042011|789,10|1|||789,10|1||||0|0||||5,13|23,67|||
|C190|060|5405||789,10|0|0|0|0|0|0||
|C100|1|0|13582|55|00|1|000015308|23110407324443000187550010000153081064103680|12042011|12042011|1031,78|1|||1031,78|1||||0|0||||6,71|30,95|||
|C190|060|5405||1031,78|0|0|0|0|0|0||
|C100|1|0|13582|55|00|1|000015309|23110407324443000187550010000153091088510460|12042011|12042011|660,88|1|||660,88|1||||0|0||||4,30|19,83|||
|C190|060|5405||660,88|0|0|0|0|0|0||
|C100|1|0|13582|55|00|1|000015310|23110407324443000187550010000153101978196507|12042011|12042011|498,44|1|||498,44|1||||0|0||||3,24|14,95|||
|C190|060|5405||498,44|0|0|0|0|0|0||
|C100|1|0|13582|55|00|1|000015311|23110407324443000187550010000153111101000546|12042011|12042011|52,20|1|||52,20|1||||0|0||||0,34|1,57|||
|C190|060|5405||52,20|0|0|0|0|0|0||
|C100|1|0|10195|55|00|1|000015312|23110407324443000187550010000153121661101213|12042011|12042011|67,36|1|||67,36|1||||0|0||||0,44|2,02|||
|C190|060|5405||67,36|0|0|0|0|0|0||
|C100|1|0|10195|55|00|1|000015313|23110407324443000187550010000153131110594210|12042011|12042011|556,00|1|||556,00|1||||0|0||||3,61|16,68|||
|C190|060|5405||556,00|0|0|0|0|0|0||
|C100|1|0|10948|55|00|1|000015314|23110407324443000187550010000153141015829041|12042011|12042011|726,62|1|||726,62|1||||0|0||||4,72|21,80|||
|C190|060|5405||726,62|0|0|0|0|0|0||
|C100|1|0|10396|55|00|1|000015315|23110407324443000187550010000153151601707672|12042011|12042011|417,37|1|||417,37|1||||0|0||||2,71|12,52|||
|C190|060|5405||417,37|0|0|0|0|0|0||
|C100|1|0|12605|55|00|1|000015316|23110407324443000187550010000153161134675441|12042011|12042011|837,42|1|||837,42|1||||0|0||||5,44|25,12|||
|C190|060|5405||837,42|0|0|0|0|0|0||
|C100|1|0|4152|55|00|1|000015317|23110407324443000187550010000153171767533210|12042011|12042011|1031,01|1|||1031,01|1||||0|0||||6,70|30,93|||
|C190|060|5405||1031,01|0|0|0|0|0|0||
|C100|1|0|4152|55|00|1|000015318|23110407324443000187550010000153181989710108|12042011|12042011|306,16|1|||306,16|1||||0|0||||1,99|9,18|||
|C190|060|5405||306,16|0|0|0|0|0|0||
|C100|1|0|13061|55|00|1|000015319|23110407324443000187550010000153191891010717|12042011|12042011|684,38|1|||684,38|1||||0|0||||4,45|20,53|||
|C190|060|5405||684,38|0|0|0|0|0|0||
|C100|1|0|4753|55|00|1|000015320|23110407324443000187550010000153201593651839|12042011|12042011|1550,58|1|||1550,58|1||||0|0||||10,08|46,52|||
|C190|060|5405||1550,58|0|0|0|0|0|0||
|C100|1|0|4753|55|00|1|000015321|23110407324443000187550010000153211462581060|12042011|12042011|593,24|1|||593,24|1||||0|0||||3,86|17,80|||
|C190|060|5405||593,24|0|0|0|0|0|0||
|C100|1|0|13568|55|00|1|000015322|23110407324443000187550010000153221649488487|12042011|12042011|681,17|1|||681,17|1||||0|0||||4,43|20,44|||
|C190|060|5405||681,17|0|0|0|0|0|0||
|C100|1|0|13568|55|00|1|000015323|23110407324443000187550010000153231171346256|12042011|12042011|328,09|1|||328,09|1||||0|0||||2,13|9,84|||
|C190|060|5405||328,09|0|0|0|0|0|0||
|C100|1|0|17952|55|00|1|000015324|23110407324443000187550010000153241510420400|12042011|12042011|1003,90|1|||1003,90|1||||0|0||||6,53|30,12|||
|C190|060|5405||1003,90|0|0|0|0|0|0||
|C100|1|0|17952|55|00|1|000015325|23110407324443000187550010000153251896685019|12042011|12042011|699,65|1|||699,65|1||||0|0||||4,55|20,99|||
|C190|060|5405||699,65|0|0|0|0|0|0||
|C100|1|0|17952|55|00|1|000015326|23110407324443000187550010000153261103100303|12042011|12042011|854,98|1|||854,98|1||||0|0||||5,56|25,65|||
|C190|060|5405||854,98|0|0|0|0|0|0||
|C100|1|0|17952|55|00|1|000015327|23110407324443000187550010000153271571091599|12042011|12042011|1040,64|1|||1040,64|1||||0|0||||6,76|31,22|||
|C190|060|5405||1040,64|0|0|0|0|0|0||
|C100|1|0|17952|55|00|1|000015328|23110407324443000187550010000153281905967311|12042011|12042011|866,00|1|||866,00|1||||0|0||||5,63|25,98|||
|C190|060|5405||866,00|0|0|0|0|0|0||
|C100|1|0|17952|55|00|1|000015329|23110407324443000187550010000153291438825190|12042011|12042011|49,20|1|||49,20|1||||0|0||||0,32|1,48|||
|C190|060|5405||49,20|0|0|0|0|0|0||
|C100|1|0|3821|55|00|1|000015330|23110407324443000187550010000153301109017060|12042011|12042011|161,78|1|||161,78|1||||0|0||||1,05|4,85|||
|C190|060|5405||161,78|0|0|0|0|0|0||
|C100|1|0|3770|55|00|1|000015331|23110407324443000187550010000153311766108590|12042011|12042011|215,13|1|||215,13|1||||0|0||||1,40|6,45|||
|C190|060|5405||215,13|0|0|0|0|0|0||
|C100|1|0|13264|55|00|1|000015332|23110407324443000187550010000153321264943709|12042011|12042011|314,85|1|||314,85|1||||0|0||||2,05|9,45|||
|C190|060|5405||314,85|0|0|0|0|0|0||
|C100|1|0|13261|55|00|1|000015333|23110407324443000187550010000153331897801588|12042011|12042011|359,17|1|||359,17|1||||0|0||||2,33|10,78|||
|C190|060|5405||359,17|0|0|0|0|0|0||
|C100|1|0|10396|55|00|1|000015334|23110407324443000187550010000153341811091037|12042011|12042011|588,93|1|||588,93|1||||0|0||||3,83|17,67|||
|C190|060|5405||588,93|0|0|0|0|0|0||
|C100|1|0|10478|55|00|1|000015335|23110407324443000187550010000153351942638126|12042011|12042011|2011,38|1|||2011,38|1||||0|0||||13,07|60,34|||
|C190|060|5405||2011,38|0|0|0|0|0|0||
|C100|1|0|10478|55|00|1|000015336|23110407324443000187550010000153361533210127|12042011|12042011|310,54|1|||310,54|1||||0|0||||2,02|9,32|||
|C190|060|5405||310,54|0|0|0|0|0|0||
|C100|1|0|17954|55|00|1|000015337|23110407324443000187550010000153371010846481|12042011|12042011|994,17|1|||994,17|1||||0|0||||6,46|29,83|||
|C190|060|5405||994,17|0|0|0|0|0|0||
|C100|1|0|17954|55|00|1|000015338|23110407324443000187550010000153381520322643|12042011|12042011|1126,45|1|||1126,45|1||||0|0||||7,32|33,79|||
|C190|060|5405||1126,45|0|0|0|0|0|0||
|C100|1|0|17954|55|00|1|000015339|23110407324443000187550010000153391053290412|12042011|12042011|385,12|1|||385,12|1||||0|0||||2,50|11,55|||
|C190|060|5405||385,12|0|0|0|0|0|0||
|C100|1|0|17954|55|00|1|000015340|23110407324443000187550010000153401824582392|12042011|12042011|488,48|1|||488,48|1||||0|0||||3,18|14,65|||
|C190|060|5405||488,48|0|0|0|0|0|0||
|C100|1|0|17954|55|00|1|000015341|23110407324443000187550010000153411357440161|12042011|12042011|723,88|1|||723,88|1||||0|0||||4,71|21,72|||
|C190|060|5405||723,88|0|0|0|0|0|0||
|C100|1|0|17954|55|00|1|000015342|23110407324443000187550010000153421626310854|12042011|12042011|410,09|1|||410,09|1||||0|0||||2,67|12,30|||
|C190|060|5405||410,09|0|0|0|0|0|0||
|C100|1|0|11488|55|00|1|000015343|23110407324443000187550010000153431402277800|12042011|12042011|244,00|1|||244,00|1||||0|0||||1,59|7,32|||
|C190|060|5405||244,00|0|0|0|0|0|0||
|C100|1|0|17512|55|00|1|000015344|23110407324443000187550010000153441103513568|12042011|12042011|169,17|1|||169,17|1||||0|0||||1,10|5,08|||
|C190|060|5405||169,17|0|0|0|0|0|0||
|C100|1|0|3725|55|00|1|000015345|23110407324443000187550010000153451381210340|12042011|12042011|1387,19|1|||1387,19|1||||0|0||||9,02|41,62|||
|C190|060|5405||1387,19|0|0|0|0|0|0||
|C100|1|0|3725|55|00|1|000015346|23110407324443000187550010000153461263106124|12042011|12042011|398,75|1|||398,75|1||||0|0||||2,59|11,96|||
|C190|060|5405||398,75|0|0|0|0|0|0||
|C100|1|0|16911|55|00|1|000015347|23110407324443000187550010000153471104631841|12042011|12042011|859,08|1|||859,08|1||||0|0||||5,58|25,77|||
|C190|060|5405||859,08|0|0|0|0|0|0||
|C100|1|0|16911|55|00|1|000015348|23110407324443000187550010000153481146898975|12042011|12042011|278,00|1|||278,00|1||||0|0||||1,81|8,34|||
|C190|060|5405||278,00|0|0|0|0|0|0||
|C100|1|0|17879|55|00|1|000015349|23110407324443000187550010000153491779756744|12042011|12042011|203,14|1|||203,14|1||||0|0||||1,32|6,09|||
|C190|060|5405||203,14|0|0|0|0|0|0||
|C100|1|0|3767|55|00|1|000015350|23110407324443000187550010000153501860104868|12042011|12042011|889,70|1|||889,70|1||||0|0||||5,78|26,69|||
|C190|060|5405||889,70|0|0|0|0|0|0||
|C100|1|0|4248|55|00|1|000015351|23110407324443000187550010000153511107290649|12042011|12042011|1683,10|1|||1683,10|1||||0|0||||10,94|50,49|||
|C190|060|5405||1683,10|0|0|0|0|0|0||
|C100|1|0|4248|55|00|1|000015352|23110407324443000187550010000153521110587425|12042011|12042011|1790,42|1|||1790,42|1||||0|0||||11,64|53,71|||
|C190|060|5405||1790,42|0|0|0|0|0|0||
|C100|1|0|4248|55|00|1|000015353|23110407324443000187550010000153531028732031|12042011|12042011|1326,59|1|||1326,59|1||||0|0||||8,62|39,80|||
|C190|060|5405||1326,59|0|0|0|0|0|0||
|C100|1|0|4248|55|00|1|000015354|23110407324443000187550010000153541182410097|12042011|12042011|361,21|1|||361,21|1||||0|0||||2,35|10,84|||
|C190|060|5405||361,21|0|0|0|0|0|0||
|C100|1|0|4510|55|00|1|000015355|23110407324443000187550010000153551673194375|12042011|12042011|172,80|1|||172,80|1||||0|0||||1,12|5,18|||
|C190|060|5405||172,80|0|0|0|0|0|0||
|C100|1|0|5040|55|00|1|000015356|23110407324443000187550010000153561706427559|12042011|12042011|231,40|1|||231,40|1||||0|0||||1,50|6,94|||
|C190|060|5403||231,40|0|0|0|0|0|0||
|C100|1|0|3727|55|00|1|000015357|23110407324443000187550010000153571239395328|12042011|12042011|623,20|1|||623,20|1||||0|0||||4,05|18,70|||
|C190|060|5405||623,20|0|0|0|0|0|0||
|C100|1|0||55|02|1|000015358|23110407324443000187550010000153581076734614|||||||||||||||||||||
|C100|1|0|4658|55|00|1|000015359|23110407324443000187550010000153591103450410|12042011|12042011|2094,23|1|||2094,23|1||||0|0||||13,61|62,83|||
|C190|060|5405||2094,23|0|0|0|0|0|0||
|C100|1|0|11210|55|00|1|000015360|23110407324443000187550010000153601065403946|12042011|12042011|484,83|1|||484,83|1||||0|0||||3,15|14,54|||
|C190|060|5405||484,83|0|0|0|0|0|0||
|C100|1|0|12737|55|00|1|000015361|23110407324443000187550010000153611698371715|12042011|12042011|316,77|1|||316,77|1||||0|0||||2,06|9,50|||
|C190|060|5405||316,77|0|0|0|0|0|0||
|C100|1|0|13246|55|00|1|000015362|23110407324443000187550010000153621989711056|12042011|12042011|259,95|1|||259,95|1||||0|0||||1,69|7,80|||
|C190|060|5405||259,95|0|0|0|0|0|0||
|C100|1|0|11623|55|00|1|000015363|23110407324443000187550010000153631108361087|12042011|12042011|32,50|1|||32,50|1||||0|0||||0,21|0,98|||
|C190|060|5405||32,50|0|0|0|0|0|0||
|C100|1|0|4656|55|00|1|000015364|23110407324443000187550010000153641276066132|12042011|12042011|1065,61|1|||1065,61|1||||0|0||||6,93|31,97|||
|C190|060|5405||1065,61|0|0|0|0|0|0||
|C100|1|0|4656|55|00|1|000015365|23110407324443000187550010000153651439301019|12042011|12042011|541,42|1|||541,42|1||||0|0||||3,52|16,24|||
|C190|060|5405||541,42|0|0|0|0|0|0||
|C100|1|0|10382|55|00|1|000015366|23110407324443000187550010000153661321992880|12042011|12042011|854,09|1|||854,09|1||||0|0||||5,55|25,62|||
|C190|060|5405||854,09|0|0|0|0|0|0||
|C100|1|0|10382|55|00|1|000015367|23110407324443000187550010000153671954850650|12042011|12042011|635,00|1|||635,00|1||||0|0||||4,13|19,05|||
|C190|060|5405||635,00|0|0|0|0|0|0||
|C100|1|0|4786|55|00|1|000015368|23110407324443000187550010000153681238280156|12042011|12042011|500,58|1|||500,58|1||||0|0||||3,25|15,02|||
|C190|060|5405||500,58|0|0|0|0|0|0||
|C100|1|0|4786|55|00|1|000015369|23110407324443000187550010000153691810605083|12042011|12042011|691,62|1|||691,62|1||||0|0||||4,50|20,75|||
|C190|060|5405||691,62|0|0|0|0|0|0||
|C100|1|0|4786|55|00|1|000015370|23110407324443000187550010000153701918249106|12042011|12042011|13,20|1|||13,20|1||||0|0||||0,09|0,40|||
|C190|060|5405||13,20|0|0|0|0|0|0||
|C100|1|0|12888|55|00|1|000015371|23110407324443000187550010000153711859395102|12042011|12042011|1633,86|1|||1633,86|1||||0|0||||10,62|49,02|||
|C190|060|6403||1633,86|0|0|0|0|0|0||
|C100|1|0|12888|55|00|1|000015372|23110407324443000187550010000153721884810581|12042011|12042011|1205,74|1|||1205,74|1||||0|0||||7,84|36,17|||
|C190|060|6403||1205,74|0|0|0|0|0|0||
|C100|1|0|12888|55|00|1|000015373|23110407324443000187550010000153731369663695|12042011|12042011|2148,13|1|||2148,13|1||||0|0||||13,96|64,44|||
|C190|060|6403||2148,13|0|0|0|0|0|0||
|C100|1|0|12888|55|00|1|000015374|23110407324443000187550010000153741991521464|12042011|12042011|2600,51|1|||2600,51|1||||0|0||||16,90|78,02|||
|C190|060|6403||2600,51|0|0|0|0|0|0||
|C100|1|0|12888|55|00|1|000015375|23110407324443000187550010000153751238221022|12042011|12042011|570,74|1|||570,74|1||||0|0||||3,71|17,12|||
|C190|060|6403||570,74|0|0|0|0|0|0||
|C100|1|0|12888|55|00|1|000015376|23110407324443000187550010000153761104735800|12042011|12042011|556,00|1|||556,00|1||||0|0||||3,61|16,68|||
|C190|060|6403||556,00|0|0|0|0|0|0||
|C100|1|0|12888|55|00|1|000015377|23110407324443000187550010000153771271021694|12042011|12042011|184,60|1|||184,60|1||||0|0||||1,20|5,54|||
|C190|060|6403||184,60|0|0|0|0|0|0||
|C100|1|0|11815|55|00|1|000015378|23110407324443000187550010000153781210218479|12042011|12042011|28,79|1|||28,79|1||||0|0||||0,19|0,86|||
|C190|060|5405||28,79|0|0|0|0|0|0||
|C100|1|0|4890|55|00|1|000015379|23110407324443000187550010000153791625042520|12042011|12042011|587,17|1|||587,17|1||||0|0||||3,82|17,62|||
|C190|060|5405||587,17|0|0|0|0|0|0||
|C100|1|0|3808|55|00|1|000015380|23110407324443000187550010000153801356893110|13042011|13042011|1391,85|1|||1391,85|1||||0|0||||9,05|41,76|||
|C190|060|5405||1391,85|0|0|0|0|0|0||
|C100|1|0|3808|55|00|1|000015381|23110407324443000187550010000153811910310101|13042011|13042011|250,57|1|||250,57|1||||0|0||||1,63|7,52|||
|C190|060|5405||250,57|0|0|0|0|0|0||
|C100|1|0|3808|55|00|1|000015382|23110407324443000187550010000153821451160048|13042011|13042011|109,59|1|||109,59|1||||0|0||||0,71|3,29|||
|C190|060|5405||109,59|0|0|0|0|0|0||
|C100|1|0|17703|55|00|1|000015383|23110407324443000187550010000153831567463818|13042011|13042011|1219,95|1|||1219,95|1||||0|0||||7,93|36,60|||
|C190|060|5405||1219,95|0|0|0|0|0|0||
|C100|1|0|4155|55|00|1|000015384|23110407324443000187550010000153841462109779|13042011|13042011|923,82|1|||923,82|1||||0|0||||6,00|27,71|||
|C190|060|5405||923,82|0|0|0|0|0|0||
|C100|1|0|17287|55|00|1|000015385|23110407324443000187550010000153851910109553|13042011|13042011|593,99|1|||593,99|1||||0|0||||3,86|17,82|||
|C190|060|5405||593,99|0|0|0|0|0|0||
|C100|1|0|1000|55|00|1|000015386|23110407324443000187550010000153861662813334|13042011|13042011|538,86|1|||538,86|1||||0|0||||3,50|16,17|||
|C190|060|5405||538,86|0|0|0|0|0|0||
|C100|1|0|4896|55|00|1|000015387|23110407324443000187550010000153871195781103|13042011|13042011|935,03|1|||935,03|1||||0|0||||6,08|28,05|||
|C190|060|5403||348,94|0|0|0|0|0|0||
|C190|060|5405||586,09|0|0|0|0|0|0||
|C100|1|0|4896|55|00|1|000015388|23110407324443000187550010000153881766280108|13042011|13042011|42,80|1|||42,80|1||||0|0||||0,28|1,28|||
|C190|060|5405||42,80|0|0|0|0|0|0||
|C100|1|0|2133|55|00|1|000015389|23110407324443000187550010000153891240508851|13042011|13042011|418,13|1|||418,13|1||||0|0||||2,72|12,54|||
|C190|060|5405||418,13|0|0|0|0|0|0||
|C100|1|0|4681|55|00|1|000015390|23110407324443000187550010000153901104634108|13042011|13042011|291,14|1|||291,14|1||||0|0||||1,89|8,73|||
|C190|060|5405||291,14|0|0|0|0|0|0||
|C100|1|0|17277|55|00|1|000015391|23110407324443000187550010000153911440161039|13042011|13042011|598,90|1|||598,90|1||||0|0||||3,89|17,97|||
|C190|060|5405||598,90|0|0|0|0|0|0||
|C100|1|0|4230|55|00|1|000015392|23110407324443000187550010000153921077626370|13042011|13042011|774,08|1|||774,08|1||||0|0||||5,03|23,22|||
|C190|060|5405||774,08|0|0|0|0|0|0||
|C100|1|0|4230|55|00|1|000015393|23110407324443000187550010000153931121059410|13042011|13042011|1128,03|1|||1128,03|1||||0|0||||7,33|33,84|||
|C190|060|5405||1128,03|0|0|0|0|0|0||
|C100|1|0|4230|55|00|1|000015394|23110407324443000187550010000153941673176103|13042011|13042011|297,49|1|||297,49|1||||0|0||||1,93|8,92|||
|C190|060|5405||297,49|0|0|0|0|0|0||
|C100|1|0|3446|55|00|1|000015395|23110407324443000187550010000153951755310897|13042011|13042011|930,02|1|||930,02|1||||0|0||||6,05|27,90|||
|C190|060|5405||930,02|0|0|0|0|0|0||
|C100|1|0|3446|55|00|1|000015396|23110407324443000187550010000153961151047233|13042011|13042011|1479,85|1|||1479,85|1||||0|0||||9,62|44,40|||
|C190|060|5405||1479,85|0|0|0|0|0|0||
|C100|1|0|3446|55|00|1|000015397|23110407324443000187550010000153971800147435|13042011|13042011|129,80|1|||129,80|1||||0|0||||0,84|3,89|||
|C190|060|5405||129,80|0|0|0|0|0|0||
|C100|1|0|3714|55|00|1|000015398|23110407324443000187550010000153981333005204|13042011|13042011|1509,46|1|||1509,46|1||||0|0||||9,81|45,28|||
|C190|060|5405||1509,46|0|0|0|0|0|0||
|C100|1|0|3714|55|00|1|000015399|23110407324443000187550010000153991231010737|13042011|13042011|126,51|1|||126,51|1||||0|0||||0,82|3,80|||
|C190|060|5405||126,51|0|0|0|0|0|0||
|C100|1|0|4388|55|00|1|000015400|23110407324443000187550010000154001655277857|13042011|13042011|628,22|1|||628,22|1||||0|0||||4,08|18,85|||
|C190|060|5405||628,22|0|0|0|0|0|0||
|C100|1|0|4901|55|00|1|000015401|23110407324443000187550010000154011188135626|13042011|13042011|1156,83|1|||1156,83|1||||0|0||||7,52|34,70|||
|C190|060|5405||1156,83|0|0|0|0|0|0||
|C100|1|0|4901|55|00|1|000015402|23110407324443000187550010000154021290461003|13042011|13042011|443,55|1|||443,55|1||||0|0||||2,88|13,31|||
|C190|060|5405||443,55|0|0|0|0|0|0||
|C100|1|0|11211|55|00|1|000015403|23110407324443000187550010000154031592106122|13042011|13042011|738,75|1|||738,75|1||||0|0||||4,80|22,16|||
|C190|060|5405||738,75|0|0|0|0|0|0||
|C100|1|0|11211|55|00|1|000015404|23110407324443000187550010000154041967310107|13042011|13042011|216,37|1|||216,37|1||||0|0||||1,41|6,49|||
|C190|060|5405||216,37|0|0|0|0|0|0||
|C100|1|0|17979|55|00|1|000015405|23110407324443000187550010000154051399898912|13042011|13042011|571,26|1|||571,26|1||||0|0||||3,71|17,14|||
|C190|060|5405||571,26|0|0|0|0|0|0||
|C100|1|0|17979|55|00|1|000015406|23110407324443000187550010000154061911756791|13042011|13042011|345,52|1|||345,52|1||||0|0||||2,25|10,37|||
|C190|060|5405||345,52|0|0|0|0|0|0||
|C100|1|0|17979|55|00|1|000015407|23110407324443000187550010000154071444614560|13042011|13042011|835,48|1|||835,48|1||||0|0||||5,43|25,06|||
|C190|060|5405||835,48|0|0|0|0|0|0||
|C100|1|0|17979|55|00|1|000015408|23110407324443000187550010000154081518815928|13042011|13042011|566,96|1|||566,96|1||||0|0||||3,69|17,01|||
|C190|060|5405||566,96|0|0|0|0|0|0||
|C100|1|0|17979|55|00|1|000015409|23110407324443000187550010000154091811044015|13042011|13042011|323,76|1|||323,76|1||||0|0||||2,10|9,71|||
|C190|060|5405||323,76|0|0|0|0|0|0||
|C100|1|0|17979|55|00|1|000015410|23110407324443000187550010000154101182901709|13042011|13042011|775,71|1|||775,71|1||||0|0||||5,04|23,27|||
|C190|060|5405||775,71|0|0|0|0|0|0||
|C100|1|0|17979|55|00|1|000015411|23110407324443000187550010000154111410771003|13042011|13042011|431,08|1|||431,08|1||||0|0||||2,80|12,93|||
|C190|060|5405||431,08|0|0|0|0|0|0||
|C100|1|0|17979|55|00|1|000015412|23110407324443000187550010000154121326569727|13042011|13042011|468,74|1|||468,74|1||||0|0||||3,05|14,06|||
|C190|060|5405||468,74|0|0|0|0|0|0||
|C100|1|0|17979|55|00|1|000015413|23110407324443000187550010000154131717686214|13042011|13042011|669,62|1|||669,62|1||||0|0||||4,35|20,09|||
|C190|060|5405||669,62|0|0|0|0|0|0||
|C100|1|0|17979|55|00|1|000015414|23110407324443000187550010000154141481395375|13042011|13042011|1003,70|1|||1003,70|1||||0|0||||6,52|30,11|||
|C190|060|5405||1003,70|0|0|0|0|0|0||
|C100|1|0|17979|55|00|1|000015415|23110407324443000187550010000154151100425319|13042011|13042011|1092,95|1|||1092,95|1||||0|0||||7,10|32,79|||
|C190|060|5405||1092,95|0|0|0|0|0|0||
|C100|1|0|17979|55|00|1|000015416|23110407324443000187550010000154161859804103|13042011|13042011|1029,45|1|||1029,45|1||||0|0||||6,69|30,88|||
|C190|060|5405||1029,45|0|0|0|0|0|0||
|C100|1|0|17979|55|00|1|000015417|23110407324443000187550010000154171344401081|13042011|13042011|345,90|1|||345,90|1||||0|0||||2,25|10,38|||
|C190|060|5405||345,90|0|0|0|0|0|0||
|C100|1|0|17979|55|00|1|000015418|23110407324443000187550010000154181191010488|13042011|13042011|705,36|1|||705,36|1||||0|0||||4,58|21,16|||
|C190|060|5405||705,36|0|0|0|0|0|0||
|C100|1|0|17979|55|00|1|000015419|23110407324443000187550010000154191115906430|13042011|13042011|616,73|1|||616,73|1||||0|0||||4,01|18,50|||
|C190|060|5405||616,73|0|0|0|0|0|0||
|C100|1|0|17979|55|00|1|000015420|23110407324443000187550010000154201010891086|13042011|13042011|958,90|1|||958,90|1||||0|0||||6,23|28,77|||
|C190|060|5405||958,90|0|0|0|0|0|0||
|C100|1|0|4178|55|00|1|000015421|23110407324443000187550010000154211419066180|13042011|13042011|330,16|1|||330,16|1||||0|0||||2,15|9,90|||
|C190|060|5405||330,16|0|0|0|0|0|0||
|C100|1|0|4230|55|00|1|000015422|23110407324443000187550010000154221310831016|13042011|13042011|179,39|1|||179,39|1||||0|0||||1,17|5,38|||
|C190|060|5405||179,39|0|0|0|0|0|0||
|C100|1|0|4853|55|00|1|000015423|23110407324443000187550010000154231626310854|13042011|13042011|409,29|1|||409,29|1||||0|0||||2,66|12,28|||
|C190|060|5405||409,29|0|0|0|0|0|0||
|C100|1|0|12610|55|00|1|000015424|23110407324443000187550010000154241626310240|13042011|13042011|545,57|1|||545,57|1||||0|0||||3,55|16,37|||
|C190|060|5405||545,57|0|0|0|0|0|0||
|C100|1|0|12610|55|00|1|000015425|23110407324443000187550010000154251771071940|13042011|13042011|725,69|1|||725,69|1||||0|0||||4,72|21,77|||
|C190|060|5405||725,69|0|0|0|0|0|0||
|C100|1|0|1000|55|00|1|000015426|23110407324443000187550010000154261152687245|13042011|13042011|2166,49|1|||2166,49|1||||0|0||||14,08|64,99|||
|C190|060|5405||2166,49|0|0|0|0|0|0||
|C100|1|0|1000|55|00|1|000015427|23110407324443000187550010000154271785545014|13042011|13042011|949,64|1|||949,64|1||||0|0||||6,17|28,49|||
|C190|060|5405||949,64|0|0|0|0|0|0||
|C100|1|0|1000|55|00|1|000015428|23110407324443000187550010000154281208403993|13042011|13042011|281,24|1|||281,24|1||||0|0||||1,83|8,44|||
|C190|060|5405||281,24|0|0|0|0|0|0||
|C100|1|0|800010386|55|00|1|000015429|23110407324443000187550010000154291830371762|13042011|13042011|2754,60|1|||2754,60|1||||0|0||||17,90|82,64|||
|C190|060|5405||2754,60|0|0|0|0|0|0||
|C100|1|0|13401|55|00|1|000015430|23110407324443000187550010000154301501663632|13042011|13042011|1376,37|1|||1376,37|1||||0|0||||8,95|41,29|||
|C190|060|5405||1376,37|0|0|0|0|0|0||
|C100|1|0|13401|55|00|1|000015431|23110407324443000187550010000154311034521401|13042011|13042011|1483,06|1|||1483,06|1||||0|0||||9,64|44,49|||
|C190|060|5405||1483,06|0|0|0|0|0|0||
|C100|1|0|13401|55|00|1|000015432|23110407324443000187550010000154321052521024|13042011|13042011|355,45|1|||355,45|1||||0|0||||2,31|10,66|||
|C190|060|5405||355,45|0|0|0|0|0|0||
|C100|1|0|13250|55|00|1|000015433|23110407324443000187550010000154331810103587|13042011|13042011|504,10|1|||504,10|1||||0|0||||3,28|15,12|||
|C190|060|5405||504,10|0|0|0|0|0|0||
|C100|1|0|17689|55|00|1|000015434|23110407324443000187550010000154341712216929|13042011|13042011|430,20|1|||430,20|1||||0|0||||2,80|12,91|||
|C190|060|5405||430,20|0|0|0|0|0|0||
|C100|1|0|17689|55|00|1|000015435|23110407324443000187550010000154351977319618|13042011|13042011|4,84|1|||4,84|1||||0|0||||0,03|0,15|||
|C190|060|5405||4,84|0|0|0|0|0|0||
|C100|1|0|3704|55|00|1|000015436|23110407324443000187550010000154361401094370|13042011|13042011|610,14|1|||610,14|1||||0|0||||3,97|18,30|||
|C190|060|5405||610,14|0|0|0|0|0|0||
|C100|1|0|4221|55|00|1|000015437|23110407324443000187550010000154371194100033|13042011|13042011|1019,64|1|||1019,64|1||||0|0||||6,63|30,59|||
|C190|060|5405||1019,64|0|0|0|0|0|0||
|C100|1|0|3771|55|00|1|000015438|23110407324443000187550010000154381923979115|13042011|13042011|634,80|1|||634,80|1||||0|0||||4,13|19,04|||
|C190|060|5405||634,80|0|0|0|0|0|0||
|C100|1|0|3771|55|00|1|000015439|23110407324443000187550010000154391673695104|13042011|13042011|186,03|1|||186,03|1||||0|0||||1,21|5,58|||
|C190|060|5405||186,03|0|0|0|0|0|0||
|C100|1|0|4808|55|00|1|000015440|23110407324443000187550010000154401127029964|13042011|13042011|1055,65|1|||1055,65|1||||0|0||||6,86|31,67|||
|C190|060|5405||1055,65|0|0|0|0|0|0||
|C100|1|0|10470|55|00|1|000015441|23110407324443000187550010000154411791109777|13042011|13042011|143,14|1|||143,14|1||||0|0||||0,93|4,29|||
|C190|060|5403||143,14|0|0|0|0|0|0||
|C100|1|0|10542|55|00|1|000015442|23110407324443000187550010000154421282955502|13042011|13042011|937,56|1|||937,56|1||||0|0||||6,09|28,13|||
|C190|060|5405||937,56|0|0|0|0|0|0||
|C100|1|0|10542|55|00|1|000015443|23110407324443000187550010000154431805813381|13042011|13042011|90,82|1|||90,82|1||||0|0||||0,59|2,72|||
|C190|060|5405||90,82|0|0|0|0|0|0||
|C100|1|0|10542|55|00|1|000015444|23110407324443000187550010000154441338781150|13042011|13042011|435,05|1|||435,05|1||||0|0||||2,83|13,05|||
|C190|060|5405||435,05|0|0|0|0|0|0||
|C100|1|0|13264|55|00|1|000015445|23110407324443000187550010000154451580580100|13042011|13042011|320,41|1|||320,41|1||||0|0||||2,08|9,61|||
|C190|060|5405||320,41|0|0|0|0|0|0||
|C100|1|0|4337|55|00|1|000015446|23110407324443000187550010000154461410773583|13042011|13042011|1356,00|1|||1356,00|1||||0|0||||8,81|40,68|||
|C190|060|5405||1356,00|0|0|0|0|0|0||
|C100|1|0|4337|55|00|1|000015447|23110407324443000187550010000154471101647661|13042011|13042011|85,40|1|||85,40|1||||0|0||||0,56|2,56|||
|C190|060|5405||85,40|0|0|0|0|0|0||
|C100|1|0|17980|55|00|1|000015448|23110407324443000187550010000154481549334447|13042011|13042011|838,34|1|||838,34|1||||0|0||||5,45|25,15|||
|C190|060|5405||838,34|0|0|0|0|0|0||
|C100|1|0|17980|55|00|1|000015449|23110407324443000187550010000154491076180151|13042011|13042011|567,73|1|||567,73|1||||0|0||||3,69|17,03|||
|C190|060|5405||567,73|0|0|0|0|0|0||
|C100|1|0|10948|55|00|1|000015450|23110407324443000187550010000154501842594196|14042011|14042011|666,77|1|||666,77|1||||0|0||||4,33|20,00|||
|C190|060|5405||666,77|0|0|0|0|0|0||
|C100|1|0|10480|55|00|1|000015451|23110407324443000187550010000154511410103910|14042011|14042011|1128,76|1|||1128,76|1||||0|0||||7,34|33,86|||
|C190|060|5405||1128,76|0|0|0|0|0|0||
|C100|1|0|10480|55|00|1|000015452|23110407324443000187550010000154521910831083|14042011|14042011|9,29|1|||9,29|1||||0|0||||0,06|0,28|||
|C190|060|5405||9,29|0|0|0|0|0|0||
|C100|1|0|3773|55|00|1|000015453|23110407324443000187550010000154531420289603|14042011|14042011|921,95|1|||921,95|1||||0|0||||5,99|27,66|||
|C190|060|5405||921,95|0|0|0|0|0|0||
|C100|1|0|4356|55|00|1|000015454|23110407324443000187550010000154541105314742|14042011|14042011|206,08|1|||206,08|1||||0|0||||1,34|6,18|||
|C190|060|5405||206,08|0|0|0|0|0|0||
|C100|1|0|17695|55|00|1|000015455|23110407324443000187550010000154551586005251|14042011|14042011|950,89|1|||950,89|1||||0|0||||6,18|28,53|||
|C190|060|5405||950,89|0|0|0|0|0|0||
|C100|1|0|3707|55|00|1|000015456|23110407324443000187550010000154561299107300|14042011|14042011|1300,90|1|||1300,90|1||||0|0||||8,46|39,03|||
|C190|060|5405||1300,90|0|0|0|0|0|0||
|C100|1|0|3705|55|00|1|000015457|23110407324443000187550010000154571035810810|14042011|14042011|1580,16|1|||1580,16|1||||0|0||||10,27|47,40|||
|C190|060|5405||1580,16|0|0|0|0|0|0||
|C100|1|0|10199|55|00|1|000015458|23110407324443000187550010000154581860641077|14042011|14042011|1305,62|1|||1305,62|1||||0|0||||8,49|39,17|||
|C190|060|5405||1305,62|0|0|0|0|0|0||
|C100|1|0|10199|55|00|1|000015459|23110407324443000187550010000154591797768548|14042011|14042011|271,21|1|||271,21|1||||0|0||||1,76|8,14|||
|C190|060|5405||271,21|0|0|0|0|0|0||
|C100|1|0|3774|55|00|1|000015460|23110407324443000187550010000154601041015100|14042011|14042011|2418,77|1|||2418,77|1||||0|0||||15,72|72,56|||
|C190|060|5405||2418,77|0|0|0|0|0|0||
|C100|1|0|11232|55|00|1|000015461|23110407324443000187550010000154611109091823|14042011|14042011|831,43|1|||831,43|1||||0|0||||5,40|24,94|||
|C190|060|5405||831,43|0|0|0|0|0|0||
|C100|1|0|11232|55|00|1|000015462|23110407324443000187550010000154621513886066|14042011|14042011|1091,64|1|||1091,64|1||||0|0||||7,10|32,75|||
|C190|060|5405||1091,64|0|0|0|0|0|0||
|C100|1|0|3757|55|00|1|000015463|23110407324443000187550010000154631046744935|14042011|14042011|1119,63|1|||1119,63|1||||0|0||||7,28|33,59|||
|C190|060|5405||1119,63|0|0|0|0|0|0||
|C100|1|0|3757|55|00|1|000015464|23110407324443000187550010000154641110536380|14042011|14042011|214,76|1|||214,76|1||||0|0||||1,40|6,44|||
|C190|060|5405||214,76|0|0|0|0|0|0||
|C100|1|0|13053|55|00|1|000015465|23110407324443000187550010000154651410157055|14042011|14042011|1071,29|1|||1071,29|1||||0|0||||6,96|32,14|||
|C190|060|5405||1071,29|0|0|0|0|0|0||
|C100|1|0|4339|55|00|1|000015466|23110407324443000187550010000154661724439352|14042011|14042011|492,08|1|||492,08|1||||0|0||||3,20|14,76|||
|C190|060|5403||46,94|0|0|0|0|0|0||
|C190|060|5405||445,14|0|0|0|0|0|0||
|C100|1|0|13880|55|00|1|000015467|23110407324443000187550010000154671610161077|14042011|14042011|390,51|1|||390,51|1||||0|0||||2,54|11,72|||
|C190|060|5403||64,78|0|0|0|0|0|0||
|C190|060|5405||325,73|0|0|0|0|0|0||
|C100|1|0||55|02|1|000015468|23110407324443000187550010000154681157478113|||||||||||||||||||||
|C100|1|0|17863|55|00|1|000015469|23110407324443000187550010000154691302123870|14042011|14042011|1072,20|1|||1072,20|1||||0|0||||6,97|32,17|||
|C190|060|5405||1072,20|0|0|0|0|0|0||
|C100|1|0|4481|55|00|1|000015470|23110407324443000187550010000154701083415740|14042011|14042011|1532,29|1|||1532,29|1||||0|0||||9,96|45,97|||
|C190|060|5403||592,56|0|0|0|0|0|0||
|C190|060|5405||939,73|0|0|0|0|0|0||
|C100|1|0|4946|55|00|1|000015471|23110407324443000187550010000154711606383519|14042011|14042011|775,85|1|||775,85|1||||0|0||||5,04|23,28|||
|C190|060|5405||775,85|0|0|0|0|0|0||
|C100|1|0|4946|55|00|1|000015472|23110407324443000187550010000154721139241398|14042011|14042011|986,69|1|||986,69|1||||0|0||||6,41|29,60|||
|C190|060|5405||986,69|0|0|0|0|0|0||
|C100|1|0|4946|55|00|1|000015473|23110407324443000187550010000154731579761010|14042011|14042011|853,65|1|||853,65|1||||0|0||||5,55|25,61|||
|C190|060|5405||853,65|0|0|0|0|0|0||
|C100|1|0|3799|55|00|1|000015474|23110407324443000187550010000154741202257106|14042011|14042011|212,20|1|||212,20|1||||0|0||||1,38|6,37|||
|C190|060|5405||212,20|0|0|0|0|0|0||
|C100|1|0|13004|55|00|1|000015475|23110407324443000187550010000154751393103688|14042011|14042011|189,11|1|||189,11|1||||0|0||||1,23|5,67|||
|C190|060|5405||189,11|0|0|0|0|0|0||
|C100|1|0|3713|55|00|1|000015476|23110407324443000187550010000154761210281040|14042011|14042011|482,33|1|||482,33|1||||0|0||||3,14|14,47|||
|C190|060|5405||482,33|0|0|0|0|0|0||
|C100|1|0|4152|55|00|1|000015477|23110407324443000187550010000154771533262311|14042011|14042011|332,57|1|||332,57|1||||0|0||||2,16|9,98|||
|C190|060|5405||332,57|0|0|0|0|0|0||
|C100|1|0|3809|55|00|1|000015478|23110407324443000187550010000154781101057208|14042011|14042011|316,40|1|||316,40|1||||0|0||||2,06|9,49|||
|C190|060|5405||316,40|0|0|0|0|0|0||
|C100|1|0|3726|55|00|1|000015479|23110407324443000187550010000154791287894315|14042011|14042011|1249,53|1|||1249,53|1||||0|0||||8,12|37,49|||
|C190|060|5405||1249,53|0|0|0|0|0|0||
|C100|1|0|3726|55|00|1|000015480|23110407324443000187550010000154801041014212|14042011|14042011|59,90|1|||59,90|1||||0|0||||0,39|1,80|||
|C190|060|5405||59,90|0|0|0|0|0|0||
|C100|1|0|13726|55|00|1|000015481|23110407324443000187550010000154811221849840|14042011|14042011|671,55|1|||671,55|1||||0|0||||4,37|20,15|||
|C190|060|5405||671,55|0|0|0|0|0|0||
|C100|1|0|13726|55|00|1|000015482|23110407324443000187550010000154821854707610|14042011|14042011|275,00|1|||275,00|1||||0|0||||1,79|8,25|||
|C190|060|5405||275,00|0|0|0|0|0|0||
|C100|1|0|13726|55|00|1|000015483|23110407324443000187550010000154831387675499|14042011|14042011|205,16|1|||205,16|1||||0|0||||1,33|6,15|||
|C190|060|5405||205,16|0|0|0|0|0|0||
|C100|1|0|11490|55|00|1|000015484|23110407324443000187550010000154841431053327|14042011|14042011|926,25|1|||926,25|1||||0|0||||6,02|27,79|||
|C190|060|5405||926,25|0|0|0|0|0|0||
|C100|1|0|12597|55|00|1|000015485|23110407324443000187550010000154851439101018|14042011|14042011|654,56|1|||654,56|1||||0|0||||4,25|19,64|||
|C190|060|5405||654,56|0|0|0|0|0|0||
|C100|1|0|12597|55|00|1|000015486|23110407324443000187550010000154861928271096|14042011|14042011|737,17|1|||737,17|1||||0|0||||4,79|22,12|||
|C190|060|5405||737,17|0|0|0|0|0|0||
|C100|1|0|12142|55|00|1|000015487|23110407324443000187550010000154871598228785|14042011|14042011|1078,38|1|||1078,38|1||||0|0||||7,01|32,35|||
|C190|060|5405||1078,38|0|0|0|0|0|0||
|C100|1|0|12142|55|00|1|000015488|23110407324443000187550010000154881010196554|14042011|14042011|340,23|1|||340,23|1||||0|0||||2,21|10,21|||
|C190|060|5405||340,23|0|0|0|0|0|0||
|C100|1|0|4846|55|00|1|000015489|23110407324443000187550010000154891643054323|14042011|14042011|470,66|1|||470,66|1||||0|0||||3,06|14,12|||
|C190|060|5405||470,66|0|0|0|0|0|0||
|C100|1|0|4291|55|00|1|000015490|23110407324443000187550010000154901437527719|14042011|14042011|1259,36|1|||1259,36|1||||0|0||||8,19|37,78|||
|C190|060|5405||1259,36|0|0|0|0|0|0||
|C100|1|0|4291|55|00|1|000015491|23110407324443000187550010000154911947204072|14042011|14042011|818,08|1|||818,08|1||||0|0||||5,32|24,54|||
|C190|060|5405||818,08|0|0|0|0|0|0||
|C100|1|0|4291|55|00|1|000015492|23110407324443000187550010000154921299632266|14042011|14042011|800,09|1|||800,09|1||||0|0||||5,20|24,00|||
|C190|060|5405||800,09|0|0|0|0|0|0||
|C100|1|0|4291|55|00|1|000015493|23110407324443000187550010000154931010203070|14042011|14042011|118,56|1|||118,56|1||||0|0||||0,77|3,56|||
|C190|060|5405||118,56|0|0|0|0|0|0||
|C100|1|0|17887|55|00|1|000015494|23110407324443000187550010000154941510411095|14042011|14042011|540,50|1|||540,50|1||||0|0||||3,51|16,22|||
|C190|060|5405||540,50|0|0|0|0|0|0||
|C100|1|0|17887|55|00|1|000015495|23110407324443000187550010000154951058967369|14042011|14042011|555,97|1|||555,97|1||||0|0||||3,61|16,68|||
|C190|060|5405||555,97|0|0|0|0|0|0||
|C100|1|0|17887|55|00|1|000015496|23110407324443000187550010000154961680825138|14042011|14042011|539,56|1|||539,56|1||||0|0||||3,51|16,19|||
|C190|060|5405||539,56|0|0|0|0|0|0||
|C100|1|0|800010124|55|00|1|000015497|23110407324443000187550010000154971027038107|14042011|14042011|1043,13|1|||1043,13|1||||0|0||||6,78|31,29|||
|C190|060|5403||722,18|0|0|0|0|0|0||
|C190|060|5405||320,95|0|0|0|0|0|0||
|C100|1|0|17871|55|00|1|000015498|23110407324443000187550010000154981736651886|14042011|14042011|254,82|1|||254,82|1||||0|0||||1,66|7,64|||
|C190|060|5405||254,82|0|0|0|0|0|0||
|C100|1|0|5005|55|00|1|000015499|23110407324443000187550010000154991287881062|14042011|14042011|357,07|1|||357,07|1||||0|0||||2,32|10,71|||
|C190|060|5405||357,07|0|0|0|0|0|0||
|C100|1|0|5005|55|00|1|000015500|23110407324443000187550010000155001105881331|14042011|14042011|278,00|1|||278,00|1||||0|0||||1,81|8,34|||
|C190|060|5405||278,00|0|0|0|0|0|0||
|C100|1|0|8000|55|00|1|000015501|23110407324443000187550010000155011648687410|14042011|14042011|1204,08|1|||1204,08|1||||0|0||||7,83|36,12|||
|C190|060|5405||1204,08|0|0|0|0|0|0||
|C100|1|0|11815|55|00|1|000015502|23110407324443000187550010000155021110588013|14042011|14042011|16,10|1|||16,10|1||||0|0||||0,10|0,48|||
|C190|060|5405||16,10|0|0|0|0|0|0||
|C100|1|0|3824|55|00|1|000015503|23110407324443000187550010000155031636508846|15042011|15042011|765,00|1|||765,00|1||||0|0||||4,97|22,95|||
|C190|060|5405||765,00|0|0|0|0|0|0||
|C100|1|0|3824|55|00|1|000015504|23110407324443000187550010000155041626310854|15042011|15042011|591,37|1|||591,37|1||||0|0||||3,84|17,74|||
|C190|060|5403||591,37|0|0|0|0|0|0||
|C100|1|0|17284|55|00|1|000015505|23110407324443000187550010000155051791334494|15042011|15042011|438,70|1|||438,70|1||||0|0||||2,85|13,16|||
|C190|060|5405||438,70|0|0|0|0|0|0||
|C100|1|0|13649|55|00|1|000015506|23110407324443000187550010000155061214510222|15042011|15042011|1356,48|1|||1356,48|1||||0|0||||8,82|40,69|||
|C190|060|5405||1356,48|0|0|0|0|0|0||
|C100|1|0|13649|55|00|1|000015507|23110407324443000187550010000155071847160032|15042011|15042011|421,38|1|||421,38|1||||0|0||||2,74|12,64|||
|C190|060|5405||421,38|0|0|0|0|0|0||
|C100|1|0|13649|55|00|1|000015508|23110407324443000187550010000155081551002995|15042011|15042011|139,00|1|||139,00|1||||0|0||||0,90|4,17|||
|C190|060|5405||139,00|0|0|0|0|0|0||
|C100|1|0|3700|55|00|1|000015509|23110407324443000187550010000155091101010978|15042011|15042011|786,01|1|||786,01|1||||0|0||||5,11|23,58|||
|C190|060|5405||786,01|0|0|0|0|0|0||
|C100|1|0|13717|55|00|1|000015510|23110407324443000187550010000155101673289650|15042011|15042011|1001,67|1|||1001,67|1||||0|0||||6,51|30,05|||
|C190|060|5403||256,52|0|0|0|0|0|0||
|C190|060|5405||745,15|0|0|0|0|0|0||
|C100|1|0|13717|55|00|1|000015511|23110407324443000187550010000155111410614744|15042011|15042011|138,45|1|||138,45|1||||0|0||||0,90|4,15|||
|C190|060|5405||138,45|0|0|0|0|0|0||
|C100|1|0|13715|55|00|1|000015512|23110407324443000187550010000155121719410362|15042011|15042011|515,66|1|||515,66|1||||0|0||||3,35|15,47|||
|C190|060|5405||515,66|0|0|0|0|0|0||
|C100|1|0|13715|55|00|1|000015513|23110407324443000187550010000155131518107309|15042011|15042011|108,60|1|||108,60|1||||0|0||||0,71|3,26|||
|C190|060|5405||108,60|0|0|0|0|0|0||
|C100|1|0|4981|55|00|1|000015514|23110407324443000187550010000155141884931947|15042011|15042011|1462,35|1|||1462,35|1||||0|0||||9,51|43,87|||
|C190|060|5405||1462,35|0|0|0|0|0|0||
|C100|1|0|16922|55|00|1|000015515|23110407324443000187550010000155151685941079|15042011|15042011|218,13|1|||218,13|1||||0|0||||1,42|6,54|||
|C190|060|5405||218,13|0|0|0|0|0|0||
|C100|1|0|5040|55|00|1|000015516|23110407324443000187550010000155161108107688|15042011|15042011|532,54|1|||532,54|1||||0|0||||3,46|15,98|||
|C190|060|5403||278,75|0|0|0|0|0|0||
|C190|060|5405||253,79|0|0|0|0|0|0||
|C100|1|0|5040|55|00|1|000015517|23110407324443000187550010000155171440109430|15042011|15042011|37,24|1|||37,24|1||||0|0||||0,24|1,12|||
|C190|060|5405||37,24|0|0|0|0|0|0||
|C100|1|0|13884|55|00|1|000015518|23110407324443000187550010000155181109559412|15042011|15042011|337,82|1|||337,82|1||||0|0||||2,20|10,13|||
|C190|060|5405||337,82|0|0|0|0|0|0||
|C100|1|0|4853|55|00|1|000015519|23110407324443000187550010000155191202776107|15042011|15042011|548,20|1|||548,20|1||||0|0||||3,56|16,45|||
|C190|060|5405||548,20|0|0|0|0|0|0||
|C100|1|0|12444|55|00|1|000015520|23110407324443000187550010000155201299744982|15042011|15042011|683,37|1|||683,37|1||||0|0||||4,44|20,50|||
|C190|060|5405||683,37|0|0|0|0|0|0||
|C100|1|0|12444|55|00|1|000015521|23110407324443000187550010000155211811602751|15042011|15042011|127,45|1|||127,45|1||||0|0||||0,83|3,82|||
|C190|060|5405||127,45|0|0|0|0|0|0||
|C100|1|0|17696|55|00|1|000015522|23110407324443000187550010000155221344570520|15042011|15042011|649,37|1|||649,37|1||||0|0||||4,22|19,48|||
|C190|060|5405||649,37|0|0|0|0|0|0||
|C100|1|0|17696|55|00|1|000015523|23110407324443000187550010000155231030761088|15042011|15042011|1012,24|1|||1012,24|1||||0|0||||6,58|30,37|||
|C190|060|5405||1012,24|0|0|0|0|0|0||
|C100|1|0|17696|55|00|1|000015524|23110407324443000187550010000155241916910717|15042011|15042011|159,60|1|||159,60|1||||0|0||||1,04|4,79|||
|C190|060|5405||159,60|0|0|0|0|0|0||
|C100|1|0|3080|55|00|1|000015525|23110407324443000187550010000155251041066119|15042011|15042011|1283,37|1|||1283,37|1||||0|0||||8,34|38,50|||
|C190|060|5405||1283,37|0|0|0|0|0|0||
|C100|1|0|4466|55|00|1|000015526|23110407324443000187550010000155261555123817|15042011|15042011|887,51|1|||887,51|1||||0|0||||5,77|26,63|||
|C190|060|5405||887,51|0|0|0|0|0|0||
|C100|1|0|4466|55|00|1|000015527|23110407324443000187550010000155271088091696|15042011|15042011|471,95|1|||471,95|1||||0|0||||3,07|14,16|||
|C190|060|5405||471,95|0|0|0|0|0|0||
|C100|1|0|4466|55|00|1|000015528|23110407324443000187550010000155281103445101|15042011|15042011|192,68|1|||192,68|1||||0|0||||1,25|5,78|||
|C190|060|5405||192,68|0|0|0|0|0|0||
|C100|1|0|4828|55|00|1|000015529|23110407324443000187550010000155291133918234|15042011|15042011|2129,20|1|||2129,20|1||||0|0||||13,84|63,88|||
|C190|060|6403||2129,20|0|0|0|0|0|0||
|C100|1|0|4828|55|00|1|000015530|23110407324443000187550010000155301010810614|15042011|15042011|2147,12|1|||2147,12|1||||0|0||||13,96|64,41|||
|C190|060|6403||2147,12|0|0|0|0|0|0||
|C100|1|0|4828|55|00|1|000015531|23110407324443000187550010000155311027557108|15042011|15042011|2829,26|1|||2829,26|1||||0|0||||18,39|84,88|||
|C190|060|6403||2829,26|0|0|0|0|0|0||
|C100|1|0|4828|55|00|1|000015532|23110407324443000187550010000155321108592911|15042011|15042011|1821,15|1|||1821,15|1||||0|0||||11,84|54,63|||
|C190|060|6403||1821,15|0|0|0|0|0|0||
|C100|1|0|4828|55|00|1|000015533|23110407324443000187550010000155331717010464|15042011|15042011|2780,00|1|||2780,00|1||||0|0||||18,07|83,40|||
|C190|060|6403||2780,00|0|0|0|0|0|0||
|C100|1|0|13737|55|00|1|000015534|23110407324443000187550010000155341061104716|15042011|15042011|1146,83|1|||1146,83|1||||0|0||||7,45|34,40|||
|C190|060|5405||1146,83|0|0|0|0|0|0||
|C100|1|0|13737|55|00|1|000015535|23110407324443000187550010000155351648720270|15042011|15042011|348,85|1|||348,85|1||||0|0||||2,27|10,47|||
|C190|060|5405||348,85|0|0|0|0|0|0||
|C100|1|0|13737|55|00|1|000015536|23110407324443000187550010000155361170699049|15042011|15042011|28,60|1|||28,60|1||||0|0||||0,19|0,86|||
|C190|060|5405||28,60|0|0|0|0|0|0||
|C100|1|0|3770|55|00|1|000015537|23110407324443000187550010000155371510355798|15042011|15042011|882,20|1|||882,20|1||||0|0||||5,73|26,47|||
|C190|060|5405||882,20|0|0|0|0|0|0||
|C100|1|0|13394|55|00|1|000015538|23110407324443000187550010000155381226415797|15042011|15042011|202,11|1|||202,11|1||||0|0||||1,31|6,06|||
|C190|060|5405||202,11|0|0|0|0|0|0||
|C100|1|0|10465|55|00|1|000015539|23110407324443000187550010000155391859383566|15042011|15042011|518,43|1|||518,43|1||||0|0||||3,37|15,55|||
|C190|060|5405||518,43|0|0|0|0|0|0||
|C100|1|0|16914|55|00|1|000015540|23110407324443000187550010000155401361067546|15042011|15042011|5625,65|1|||5625,65|1||||0|0||||36,57|168,77|||
|C190|060|5405||5625,65|0|0|0|0|0|0||
|C100|1|0|16914|55|00|1|000015541|23110407324443000187550010000155411052533205|15042011|15042011|1269,43|1|||1269,43|1||||0|0||||8,25|38,08|||
|C190|060|5405||1269,43|0|0|0|0|0|0||
|C100|1|0|16914|55|00|1|000015542|23110407324443000187550010000155421518210101|15042011|15042011|538,34|1|||538,34|1||||0|0||||3,50|16,15|||
|C190|060|5405||538,34|0|0|0|0|0|0||
|C100|1|0|13756|55|00|1|000015543|23110407324443000187550010000155431742571098|15042011|15042011|2481,25|1|||2481,25|1||||0|0||||16,13|74,43|||
|C190|060|5405||2481,25|0|0|0|0|0|0||
|C100|1|0|13756|55|00|1|000015544|23110407324443000187550010000155441730228722|15042011|15042011|4144,70|1|||4144,70|1||||0|0||||26,94|124,34|||
|C190|060|5405||4144,70|0|0|0|0|0|0||
|C100|1|0|13756|55|00|1|000015545|23110407324443000187550010000155451133263819|15042011|15042011|1938,80|1|||1938,80|1||||0|0||||12,60|58,16|||
|C190|060|5405||1938,80|0|0|0|0|0|0||
|C100|1|0|13756|55|00|1|000015546|23110407324443000187550010000155461896054370|15042011|15042011|1355,75|1|||1355,75|1||||0|0||||8,81|40,67|||
|C190|060|5405||1355,75|0|0|0|0|0|0||
|C100|1|0|13756|55|00|1|000015547|23110407324443000187550010000155471041010129|15042011|15042011|33,25|1|||33,25|1||||0|0||||0,22|1,00|||
|C190|060|5405||33,25|0|0|0|0|0|0||
|C100|1|0|17082|55|00|1|000015548|23110407324443000187550010000155481103444213|15042011|15042011|256,22|1|||256,22|1||||0|0||||1,67|7,69|||
|C190|060|5405||256,22|0|0|0|0|0|0||
|C100|1|0|11063|55|00|1|000015549|23110407324443000187550010000155491474849898|15042011|15042011|563,33|1|||563,33|1||||0|0||||3,66|16,90|||
|C190|060|5405||563,33|0|0|0|0|0|0||
|C100|1|0|11063|55|00|1|000015550|23110407324443000187550010000155501145030768|15042011|15042011|708,15|1|||708,15|1||||0|0||||4,60|21,24|||
|C190|060|5403||88,83|0|0|0|0|0|0||
|C190|060|5405||619,32|0|0|0|0|0|0||
|C100|0|0|4538|55|00|1|000015551|23110407324443000187550010000155511319410959|15042011|15042011|1491,33|1|||1491,33|9||||0|0||||||||
|C190|060|1411||1491,33|0|0|0|0|0|0||
|C100|0|0|4538|55|00|1|000015552|23110407324443000187550010000155521610096731|15042011|15042011|239,87|1|||239,87|9||||0|0||||||||
|C190|060|1411||239,87|0|0|0|0|0|0||
|C100|1|0|4356|55|00|1|000015553|23110407324443000187550010000155531823825185|15042011|15042011|935,00|1|||935,00|1||||0|0||||6,08|28,05|||
|C190|060|5403||120,54|0|0|0|0|0|0||
|C190|060|5405||814,46|0|0|0|0|0|0||
|C100|1|0|4356|55|00|1|000015554|23110407324443000187550010000155541941338109|15042011|15042011|1081,05|1|||1081,05|1||||0|0||||7,03|32,43|||
|C190|060|5405||1081,05|0|0|0|0|0|0||
|C100|1|0|4356|55|00|1|000015555|23110407324443000187550010000155551989651823|15042011|15042011|278,00|1|||278,00|1||||0|0||||1,81|8,34|||
|C190|060|5405||278,00|0|0|0|0|0|0||
|C100|1|0|4356|55|00|1|000015556|23110407324443000187550010000155561088479319|15042011|15042011|100,78|1|||100,78|1||||0|0||||0,66|3,02|||
|C190|060|5405||100,78|0|0|0|0|0|0||
|C100|1|0|12898|55|00|1|000016044|23110407324443000187550010000160441617106177|29042011|29042011|919,29|1|||919,29|1||||0|0||||5,98|27,58|||
|C190|060|5405||919,29|0|0|0|0|0|0||
|C100|1|0|4161|55|00|1|000015557|23110407324443000187550010000155571103448846|15042011|15042011|418,44|1|||418,44|1||||0|0||||2,72|12,55|||
|C190|060|5405||418,44|0|0|0|0|0|0||
|C100|1|0|13737|55|00|1|000015558|23110407324443000187550010000155581017052317|15042011|15042011|606,05|1|||606,05|1||||0|0||||3,94|18,18|||
|C190|060|5405||606,05|0|0|0|0|0|0||
|C100|1|0|5034|55|00|1|000015559|23110407324443000187550010000155591891020409|15042011|15042011|259,24|1|||259,24|1||||0|0||||1,69|7,78|||
|C190|060|5405||259,24|0|0|0|0|0|0||
|C100|1|0|13403|55|00|1|000015560|23110407324443000187550010000155601462446480|15042011|15042011|248,13|1|||248,13|1||||0|0||||1,61|7,44|||
|C190|060|5405||248,13|0|0|0|0|0|0||
|C100|1|0|13403|55|00|1|000015561|23110407324443000187550010000155611393464869|15042011|15042011|231,40|1|||231,40|1||||0|0||||1,50|6,94|||
|C190|060|5405||231,40|0|0|0|0|0|0||
|C100|1|0|13403|55|00|1|000015562|23110407324443000187550010000155621916322638|15042011|15042011|205,86|1|||205,86|1||||0|0||||1,34|6,18|||
|C190|060|5405||205,86|0|0|0|0|0|0||
|C100|1|0|13403|55|00|1|000015563|23110407324443000187550010000155631449290407|15042011|15042011|306,37|1|||306,37|1||||0|0||||1,99|9,19|||
|C190|060|5405||306,37|0|0|0|0|0|0||
|C100|1|0|13403|55|00|1|000015564|23110407324443000187550010000155641107115927|15042011|15042011|166,98|1|||166,98|1||||0|0||||1,09|5,01|||
|C190|060|5405||166,98|0|0|0|0|0|0||
|C100|1|0|5005|55|00|1|000015565|23110407324443000187550010000155651110401703|15042011|15042011|19,38|1|||19,38|1||||0|0||||0,13|0,58|||
|C190|060|5405||19,38|0|0|0|0|0|0||
|C100|1|0|4328|55|00|1|000015566|23110407324443000187550010000155661214108597|15042011|15042011|1205,27|1|||1205,27|1||||0|0||||7,83|36,16|||
|C190|060|5405||1205,27|0|0|0|0|0|0||
|C100|1|0|4328|55|00|1|000015567|23110407324443000187550010000155671108895510|15042011|15042011|734,82|1|||734,82|1||||0|0||||4,78|22,04|||
|C190|060|5405||734,82|0|0|0|0|0|0||
|C100|1|0|4328|55|00|1|000015568|23110407324443000187550010000155681182801572|15042011|15042011|880,57|1|||880,57|1||||0|0||||5,72|26,42|||
|C190|060|5405||880,57|0|0|0|0|0|0||
|C100|1|0|4328|55|00|1|000015569|23110407324443000187550010000155691450691030|15042011|15042011|817,17|1|||817,17|1||||0|0||||5,31|24,52|||
|C190|060|5405||817,17|0|0|0|0|0|0||
|C100|1|0|4328|55|00|1|000015570|23110407324443000187550010000155701811106120|15042011|15042011|1851,86|1|||1851,86|1||||0|0||||12,04|55,56|||
|C190|060|5405||1851,86|0|0|0|0|0|0||
|C100|1|0|4328|55|00|1|000015571|23110407324443000187550010000155711921021011|15042011|15042011|1313,03|1|||1313,03|1||||0|0||||8,53|39,39|||
|C190|060|5405||1313,03|0|0|0|0|0|0||
|C100|1|0|1942|55|00|1|000015572|23110407324443000187550010000155721531898960|15042011|15042011|846,02|1|||846,02|1||||0|0||||5,50|25,38|||
|C190|060|5405||846,02|0|0|0|0|0|0||
|C100|1|0|1942|55|00|1|000015573|23110407324443000187550010000155731027532261|15042011|15042011|122,70|1|||122,70|1||||0|0||||0,80|3,68|||
|C190|060|5405||122,70|0|0|0|0|0|0||
|C100|1|0|2733|55|00|1|000015574|23110407324443000187550010000155741697614508|15042011|15042011|514,81|1|||514,81|1||||0|0||||3,35|15,44|||
|C190|060|5405||514,81|0|0|0|0|0|0||
|C100|1|0|2733|55|00|1|000015575|23110407324443000187550010000155751741058234|15042011|15042011|145,97|1|||145,97|1||||0|0||||0,95|4,38|||
|C190|060|5403||84,52|0|0|0|0|0|0||
|C190|060|5405||61,45|0|0|0|0|0|0||
|C100|1|0|3768|55|00|1|000015576|23110407324443000187550010000155761742440156|15042011|15042011|1879,44|1|||1879,44|1||||0|0||||12,22|56,38|||
|C190|060|5405||1879,44|0|0|0|0|0|0||
|C100|1|0|1546|55|00|1|000015577|23110407324443000187550010000155771766119100|15042011|15042011|1847,00|1|||1847,00|1||||0|0||||12,01|55,41|||
|C190|060|5405||1847,00|0|0|0|0|0|0||
|C100|1|0|17865|55|00|1|000015578|23110407324443000187550010000155781238101712|15042011|15042011|552,71|1|||552,71|1||||0|0||||3,59|16,58|||
|C190|060|5405||552,71|0|0|0|0|0|0||
|C100|1|0|17865|55|00|1|000015579|23110407324443000187550010000155791320135673|15042011|15042011|417,60|1|||417,60|1||||0|0||||2,71|12,53|||
|C190|060|5405||417,60|0|0|0|0|0|0||
|C100|1|0|11623|55|00|1|000015580|23110407324443000187550010000155801210142757|15042011|15042011|45,03|1|||45,03|1||||0|0||||0,29|1,35|||
|C190|060|5405||45,03|0|0|0|0|0|0||
|C100|1|0|11684|55|00|1|000015581|23110407324443000187550010000155811624395312|15042011|15042011|506,00|1|||506,00|1||||0|0||||3,29|15,18|||
|C190|060|5405||506,00|0|0|0|0|0|0||
|C100|1|0|13264|55|00|1|000015582|23110407324443000187550010000155821157253191|15042011|15042011|160,42|1|||160,42|1||||0|0||||1,04|4,81|||
|C190|060|5405||160,42|0|0|0|0|0|0||
|C100|1|0|17277|55|00|1|000015583|23110407324443000187550010000155831673004105|18042011|18042011|1264,93|1|||1264,93|1||||0|0||||8,22|37,95|||
|C190|060|5405||1264,93|0|0|0|0|0|0||
|C100|1|0|17277|55|00|1|000015584|23110407324443000187550010000155841169701083|18042011|18042011|206,53|1|||206,53|1||||0|0||||1,34|6,20|||
|C190|060|5405||206,53|0|0|0|0|0|0||
|C100|1|0|17981|55|00|1|000015585|23110407324443000187550010000155851319104864|18042011|18042011|307,56|1|||307,56|1||||0|0||||2,00|9,23|||
|C190|060|5405||307,56|0|0|0|0|0|0||
|C100|1|0|17982|55|00|1|000015586|23110407324443000187550010000155861791629042|18042011|18042011|949,97|1|||949,97|1||||0|0||||6,17|28,50|||
|C190|060|5405||949,97|0|0|0|0|0|0||
|C100|1|0|17982|55|00|1|000015587|23110407324443000187550010000155871990874257|18042011|18042011|281,35|1|||281,35|1||||0|0||||1,83|8,44|||
|C190|060|5405||281,35|0|0|0|0|0|0||
|C100|1|0|17982|55|00|1|000015588|23110407324443000187550010000155881413732026|18042011|18042011|278,00|1|||278,00|1||||0|0||||1,81|8,34|||
|C190|060|5405||278,00|0|0|0|0|0|0||
|C100|1|0|17955|55|00|1|000015589|23110407324443000187550010000155891368528914|18042011|18042011|469,31|1|||469,31|1||||0|0||||3,05|14,08|||
|C190|060|5405||469,31|0|0|0|0|0|0||
|C100|1|0|3770|55|00|1|000015590|23110407324443000187550010000155901717992875|18042011|18042011|274,36|1|||274,36|1||||0|0||||1,78|8,23|||
|C190|060|5405||274,36|0|0|0|0|0|0||
|C100|1|0|17979|55|00|1|000015591|23110407324443000187550010000155911710108500|18042011|18042011|804,84|1|||804,84|1||||0|0||||5,23|24,15|||
|C190|060|5405||804,84|0|0|0|0|0|0||
|C100|1|0|17979|55|00|1|000015592|23110407324443000187550010000155921872719413|18042011|18042011|474,30|1|||474,30|1||||0|0||||3,08|14,23|||
|C190|060|5405||474,30|0|0|0|0|0|0||
|C100|1|0|17979|55|00|1|000015593|23110407324443000187550010000155931810568729|18042011|18042011|748,01|1|||748,01|1||||0|0||||4,86|22,44|||
|C190|060|5405||748,01|0|0|0|0|0|0||
|C100|1|0|17979|55|00|1|000015594|23110407324443000187550010000155941928545061|18042011|18042011|822,13|1|||822,13|1||||0|0||||5,34|24,66|||
|C190|060|5405||822,13|0|0|0|0|0|0||
|C100|1|0|17979|55|00|1|000015595|23110407324443000187550010000155951450403930|18042011|18042011|443,86|1|||443,86|1||||0|0||||2,89|13,32|||
|C190|060|5405||443,86|0|0|0|0|0|0||
|C100|1|0|4281|55|00|1|000015596|23110407324443000187550010000155961108337170|18042011|18042011|1130,56|1|||1130,56|1||||0|0||||7,35|33,92|||
|C190|060|5405||1130,56|0|0|0|0|0|0||
|C100|1|0|4281|55|00|1|000015597|23110407324443000187550010000155971518211050|18042011|18042011|219,80|1|||219,80|1||||0|0||||1,43|6,59|||
|C190|060|5405||219,80|0|0|0|0|0|0||
|C100|1|0|4281|55|00|1|000015598|23110407324443000187550010000155981612110838|18042011|18042011|265,48|1|||265,48|1||||0|0||||1,73|7,96|||
|C190|060|5405||265,48|0|0|0|0|0|0||
|C100|1|0|17511|55|00|1|000015599|23110407324443000187550010000155991356715923|18042011|18042011|1143,92|1|||1143,92|1||||0|0||||7,44|34,32|||
|C190|060|5405||1143,92|0|0|0|0|0|0||
|C100|1|0|17881|55|00|1|000015600|23110407324443000187550010000156001101051089|18042011|18042011|259,00|1|||259,00|1||||0|0||||1,68|7,77|||
|C190|060|5405||259,00|0|0|0|0|0|0||
|C100|1|0|13890|55|00|1|000015601|23110407324443000187550010000156011983228770|18042011|18042011|973,67|1|||973,67|1||||0|0||||6,33|29,21|||
|C190|060|5405||973,67|0|0|0|0|0|0||
|C100|1|0|13890|55|00|1|000015602|23110407324443000187550010000156021406196549|18042011|18042011|502,08|1|||502,08|1||||0|0||||3,26|15,06|||
|C190|060|5405||502,08|0|0|0|0|0|0||
|C100|1|0|13890|55|00|1|000015603|23110407324443000187550010000156031103905435|18042011|18042011|577,63|1|||577,63|1||||0|0||||3,75|17,33|||
|C190|060|5405||577,63|0|0|0|0|0|0||
|C100|1|0|17073|55|00|1|000015604|23110407324443000187550010000156041449101218|18042011|18042011|1832,75|1|||1832,75|1||||0|0||||11,91|54,98|||
|C190|060|5405||1832,75|0|0|0|0|0|0||
|C100|1|0|17073|55|00|1|000015605|23110407324443000187550010000156051859742105|18042011|18042011|247,50|1|||247,50|1||||0|0||||1,61|7,43|||
|C190|060|5405||247,50|0|0|0|0|0|0||
|C100|1|0|11670|55|00|1|000015606|23110407324443000187550010000156061617849835|18042011|18042011|991,49|1|||991,49|1||||0|0||||6,44|29,74|||
|C190|060|5405||991,49|0|0|0|0|0|0||
|C100|1|0|11670|55|00|1|000015607|23110407324443000187550010000156071291070765|18042011|18042011|63,63|1|||63,63|1||||0|0||||0,41|1,91|||
|C190|060|5405||63,63|0|0|0|0|0|0||
|C100|1|0|10510|55|00|1|000015608|23110407324443000187550010000156081772675483|18042011|18042011|86,78|1|||86,78|1||||0|0||||0,56|2,60|||
|C190|060|5405||86,78|0|0|0|0|0|0||
|C100|1|0|10510|55|00|1|000015609|23110407324443000187550010000156091610553320|18042011|18042011|117,55|1|||117,55|1||||0|0||||0,76|3,53|||
|C190|060|5405||117,55|0|0|0|0|0|0||
|C100|1|0|10510|55|00|1|000015610|23110407324443000187550010000156101107682516|18042011|18042011|81,57|1|||81,57|1||||0|0||||0,53|2,45|||
|C190|060|5405||81,57|0|0|0|0|0|0||
|C100|1|0|10510|55|00|1|000015611|23110407324443000187550010000156111101219617|18042011|18042011|172,34|1|||172,34|1||||0|0||||1,12|5,17|||
|C190|060|5405||172,34|0|0|0|0|0|0||
|C100|1|0|10510|55|00|1|000015612|23110407324443000187550010000156121021651870|18042011|18042011|67,81|1|||67,81|1||||0|0||||0,44|2,03|||
|C190|060|5405||67,81|0|0|0|0|0|0||
|C100|1|0|3743|55|00|1|000015613|23110407324443000187550010000156131569719102|18042011|18042011|1202,50|1|||1202,50|1||||0|0||||7,82|36,08|||
|C190|060|5405||1202,50|0|0|0|0|0|0||
|C100|1|0|12615|55|00|1|000015614|23110407324443000187550010000156141187488419|18042011|18042011|1347,66|1|||1347,66|1||||0|0||||8,76|40,43|||
|C190|060|5405||1347,66|0|0|0|0|0|0||
|C100|1|0|3764|55|00|1|000015615|23110407324443000187550010000156151711034628|18042011|18042011|1128,79|1|||1128,79|1||||0|0||||7,34|33,86|||
|C190|060|5405||1128,79|0|0|0|0|0|0||
|C100|1|0|4792|55|00|1|000015616|23110407324443000187550010000156161232204067|18042011|18042011|1039,34|1|||1039,34|1||||0|0||||6,76|31,18|||
|C190|060|5405||1039,34|0|0|0|0|0|0||
|C100|1|0|4792|55|00|1|000015617|23110407324443000187550010000156171865172936|18042011|18042011|940,77|1|||940,77|1||||0|0||||6,12|28,22|||
|C190|060|5403||180,62|0|0|0|0|0|0||
|C190|060|5405||760,15|0|0|0|0|0|0||
|C100|1|0|4736|55|00|1|000015618|23110407324443000187550010000156181398030705|18042011|18042011|960,17|1|||960,17|1||||0|0||||6,24|28,81|||
|C190|060|5405||960,17|0|0|0|0|0|0||
|C100|1|0|4736|55|00|1|000015619|23110407324443000187550010000156191133710950|18042011|18042011|27,70|1|||27,70|1||||0|0||||0,18|0,83|||
|C190|060|5405||27,70|0|0|0|0|0|0||
|C100|1|0|4853|55|00|1|000015620|23110407324443000187550010000156201691290454|18042011|18042011|677,72|1|||677,72|1||||0|0||||4,41|20,33|||
|C190|060|5405||677,72|0|0|0|0|0|0||
|C100|1|0|4853|55|00|1|000015621|23110407324443000187550010000156211114159223|18042011|18042011|875,31|1|||875,31|1||||0|0||||5,69|26,26|||
|C190|060|5405||875,31|0|0|0|0|0|0||
|C100|1|0|13717|55|00|1|000015622|23110407324443000187550010000156221859737110|18042011|18042011|147,95|1|||147,95|1||||0|0||||0,96|4,44|||
|C190|060|5405||147,95|0|0|0|0|0|0||
|C100|1|0|13717|55|00|1|000015623|23110407324443000187550010000156231543108595|18042011|18042011|139,00|1|||139,00|1||||0|0||||0,90|4,17|||
|C190|060|5405||139,00|0|0|0|0|0|0||
|C100|1|0|17983|55|00|1|000015624|23110407324443000187550010000156241710294374|18042011|18042011|313,92|1|||313,92|1||||0|0||||2,04|9,42|||
|C190|060|5405||313,92|0|0|0|0|0|0||
|C100|1|0|4201|55|00|1|000015625|23110407324443000187550010000156251325801510|18042011|18042011|1274,88|1|||1274,88|1||||0|0||||8,29|38,25|||
|C190|060|5403||48,66|0|0|0|0|0|0||
|C190|060|5405||1226,22|0|0|0|0|0|0||
|C100|1|0|4201|55|00|1|000015626|23110407324443000187550010000156261107116383|18042011|18042011|11,90|1|||11,90|1||||0|0||||0,08|0,36|||
|C190|060|5405||11,90|0|0|0|0|0|0||
|C100|1|0|4724|55|00|1|000015627|23110407324443000187550010000156271480638168|18042011|18042011|1183,27|1|||1183,27|1||||0|0||||7,69|35,50|||
|C190|060|5405||1183,27|0|0|0|0|0|0||
|C100|1|0|4724|55|00|1|000015628|23110407324443000187550010000156281673523106|18042011|18042011|362,77|1|||362,77|1||||0|0||||2,36|10,88|||
|C190|060|5405||362,77|0|0|0|0|0|0||
|C100|1|0|4212|55|00|1|000015629|23110407324443000187550010000156291536464806|18042011|18042011|1116,55|1|||1116,55|1||||0|0||||7,26|33,50|||
|C190|060|5405||1116,55|0|0|0|0|0|0||
|C100|1|0|4212|55|00|1|000015630|23110407324443000187550010000156301207756786|18042011|18042011|550,05|1|||550,05|1||||0|0||||3,58|16,50|||
|C190|060|5405||550,05|0|0|0|0|0|0||
|C100|1|0|4212|55|00|1|000015631|23110407324443000187550010000156311671061453|18042011|18042011|76,64|1|||76,64|1||||0|0||||0,50|2,30|||
|C190|060|5405||76,64|0|0|0|0|0|0||
|C100|1|0|4178|55|00|1|000015632|23110407324443000187550010000156321362582324|18042011|18042011|809,97|1|||809,97|1||||0|0||||5,26|24,30|||
|C190|060|5405||809,97|0|0|0|0|0|0||
|C100|1|0|17704|55|00|1|000015633|23110407324443000187550010000156331989053312|18042011|18042011|328,62|1|||328,62|1||||0|0||||2,14|9,86|||
|C190|060|5405||328,62|0|0|0|0|0|0||
|C100|1|0|3698|55|00|1|000015634|23110407324443000187550010000156341580419101|18042011|18042011|1446,90|1|||1446,90|1||||0|0||||9,40|43,41|||
|C190|060|5405||1446,90|0|0|0|0|0|0||
|C100|1|0|12182|55|00|1|000015635|23110407324443000187550010000156351104027788|18042011|18042011|845,50|1|||845,50|1||||0|0||||5,50|25,37|||
|C190|060|6403||845,50|0|0|0|0|0|0||
|C100|1|0|12182|55|00|1|000015636|23110407324443000187550010000156361573135610|18042011|18042011|278,00|1|||278,00|1||||0|0||||1,81|8,34|||
|C190|060|6403||278,00|0|0|0|0|0|0||
|C100|1|0|17984|55|00|1|000015637|23110407324443000187550010000156371835010345|18042011|18042011|733,58|1|||733,58|1||||0|0||||4,77|22,01|||
|C190|060|6403||733,58|0|0|0|0|0|0||
|C100|1|0|11684|55|00|1|000015640|23110407324443000187550010000156401498304107|18042011|18042011|180,32|1|||180,32|1||||0|0||||1,17|5,41|||
|C190|060|5405||180,32|0|0|0|0|0|0||
|C100|1|0|11499|55|00|1|000015641|23110407324443000187550010000156411101003460|19042011|19042011|1953,95|1|||1953,95|1||||0|0||||12,70|58,62|||
|C190|060|5405||1953,95|0|0|0|0|0|0||
|C100|1|0|11499|55|00|1|000015642|23110407324443000187550010000156421648104862|19042011|19042011|589,76|1|||589,76|1||||0|0||||3,83|17,69|||
|C190|060|5405||589,76|0|0|0|0|0|0||
|C100|1|0|3773|55|00|1|000015643|23110407324443000187550010000156431500906425|19042011|19042011|591,74|1|||591,74|1||||0|0||||3,85|17,75|||
|C190|060|5405||591,74|0|0|0|0|0|0||
|C100|1|0|17871|55|00|1|000015644|23110407324443000187550010000156441642106108|19042011|19042011|440,58|1|||440,58|1||||0|0||||2,86|13,22|||
|C190|060|5405||440,58|0|0|0|0|0|0||
|C100|1|0|17871|55|00|1|000015645|23110407324443000187550010000156451666732073|19042011|19042011|190,03|1|||190,03|1||||0|0||||1,24|5,70|||
|C190|060|5405||190,03|0|0|0|0|0|0||
|C100|1|0|12605|55|00|1|000015646|23110407324443000187550010000156461636210092|19042011|19042011|718,30|1|||718,30|1||||0|0||||4,67|21,55|||
|C190|060|5403||152,90|0|0|0|0|0|0||
|C190|060|5405||565,40|0|0|0|0|0|0||
|C100|1|0|17955|55|00|1|000015647|23110407324443000187550010000156471711569711|19042011|19042011|773,17|1|||773,17|1||||0|0||||5,03|23,20|||
|C190|060|5405||773,17|0|0|0|0|0|0||
|C100|1|0|10272|55|00|1|000015648|23110407324443000187550010000156481244427590|19042011|19042011|1120,14|1|||1120,14|1||||0|0||||7,28|33,60|||
|C190|060|5405||1120,14|0|0|0|0|0|0||
|C100|1|0|10272|55|00|1|000015649|23110407324443000187550010000156491877395360|19042011|19042011|114,74|1|||114,74|1||||0|0||||0,75|3,44|||
|C190|060|5405||114,74|0|0|0|0|0|0||
|C100|1|0|5005|55|00|1|000015650|23110407324443000187550010000156501548687230|19042011|19042011|166,77|1|||166,77|1||||0|0||||1,08|5,00|||
|C190|060|5403||141,45|0|0|0|0|0|0||
|C190|060|5405||25,32|0|0|0|0|0|0||
|C100|1|0|4155|55|00|1|000015651|23110407324443000187550010000156511070545009|19042011|19042011|304,74|1|||304,74|1||||0|0||||1,98|9,14|||
|C190|060|5405||304,74|0|0|0|0|0|0||
|C100|1|0|4155|55|00|1|000015652|23110407324443000187550010000156521310340390|19042011|19042011|834,00|1|||834,00|1||||0|0||||5,42|25,02|||
|C190|060|5405||834,00|0|0|0|0|0|0||
|C100|1|0|4339|55|00|1|000015653|23110407324443000187550010000156531126371757|19042011|19042011|920,25|1|||920,25|1||||0|0||||5,98|27,61|||
|C190|060|5405||920,25|0|0|0|0|0|0||
|C100|1|0|4339|55|00|1|000015654|23110407324443000187550010000156541965432267|19042011|19042011|174,16|1|||174,16|1||||0|0||||1,13|5,22|||
|C190|060|5405||174,16|0|0|0|0|0|0||
|C100|1|0|13246|55|00|1|000015655|23110407324443000187550010000156551039896716|19042011|19042011|222,70|1|||222,70|1||||0|0||||1,45|6,68|||
|C190|060|5405||222,70|0|0|0|0|0|0||
|C100|1|0|11821|55|00|1|000015656|23110407324443000187550010000156561804066174|19042011|19042011|1043,29|1|||1043,29|1||||0|0||||6,78|31,30|||
|C190|060|5405||1043,29|0|0|0|0|0|0||
|C100|1|0|4613|55|00|1|000015657|23110407324443000187550010000156571184791010|19042011|19042011|507,60|1|||507,60|1||||0|0||||3,30|15,23|||
|C190|060|5405||507,60|0|0|0|0|0|0||
|C100|1|0|3405|55|00|1|000015658|23110407324443000187550010000156581521099289|19042011|19042011|1369,33|1|||1369,33|1||||0|0||||8,90|41,08|||
|C190|060|5405||1369,33|0|0|0|0|0|0||
|C100|1|0|17985|55|00|1|000015659|23110407324443000187550010000156591492850691|19042011|19042011|935,41|1|||935,41|1||||0|0||||6,08|28,06|||
|C190|060|5405||935,41|0|0|0|0|0|0||
|C100|1|0|17985|55|00|1|000015660|23110407324443000187550010000156601163042561|19042011|19042011|823,06|1|||823,06|1||||0|0||||5,35|24,69|||
|C190|060|5405||823,06|0|0|0|0|0|0||
|C100|1|0|17985|55|00|1|000015661|23110407324443000187550010000156611742100030|19042011|19042011|898,47|1|||898,47|1||||0|0||||5,84|26,95|||
|C190|060|5405||898,47|0|0|0|0|0|0||
|C100|1|0|17866|55|00|1|000015662|23110407324443000187550010000156621219979100|19042011|19042011|1153,24|1|||1153,24|1||||0|0||||7,50|34,60|||
|C190|060|5405||1153,24|0|0|0|0|0|0||
|C100|1|0|17866|55|00|1|000015663|23110407324443000187550010000156631202195108|19042011|19042011|344,75|1|||344,75|1||||0|0||||2,24|10,34|||
|C190|060|5405||344,75|0|0|0|0|0|0||
|C100|1|0|4205|55|00|1|000015664|23110407324443000187550010000156641238610587|19042011|19042011|1132,10|1|||1132,10|1||||0|0||||7,36|33,96|||
|C190|060|5405||1132,10|0|0|0|0|0|0||
|C100|1|0|4205|55|00|1|000015665|23110407324443000187550010000156651910766361|19042011|19042011|170,59|1|||170,59|1||||0|0||||1,11|5,12|||
|C190|060|5405||170,59|0|0|0|0|0|0||
|C100|1|0|12004|55|00|1|000015666|23110407324443000187550010000156661169102918|19042011|19042011|582,91|1|||582,91|1||||0|0||||3,79|17,49|||
|C190|060|5405||582,91|0|0|0|0|0|0||
|C100|1|0|4221|55|00|1|000015667|23110407324443000187550010000156671761052901|19042011|19042011|1011,17|1|||1011,17|1||||0|0||||6,57|30,34|||
|C190|060|5405||1011,17|0|0|0|0|0|0||
|C100|1|0|4570|55|00|1|000015668|23110407324443000187550010000156681585358044|19042011|19042011|675,89|1|||675,89|1||||0|0||||4,39|20,28|||
|C190|060|5403||135,44|0|0|0|0|0|0||
|C190|060|5405||540,45|0|0|0|0|0|0||
|C100|1|0|4570|55|00|1|000015669|23110407324443000187550010000156691008216913|19042011|19042011|524,51|1|||524,51|1||||0|0||||3,41|15,74|||
|C190|060|5405||524,51|0|0|0|0|0|0||
|C100|1|0|4570|55|00|1|000015670|23110407324443000187550010000156701889508893|19042011|19042011|422,47|1|||422,47|1||||0|0||||2,75|12,67|||
|C190|060|5405||422,47|0|0|0|0|0|0||
|C100|1|0|4570|55|00|1|000015671|23110407324443000187550010000156711301476662|19042011|19042011|151,65|1|||151,65|1||||0|0||||0,99|4,55|||
|C190|060|5405||151,65|0|0|0|0|0|0||
|C100|1|0|11476|55|00|1|000015672|23110407324443000187550010000156721934334431|19042011|19042011|1210,66|1|||1210,66|1||||0|0||||7,87|36,32|||
|C190|060|5405||1210,66|0|0|0|0|0|0||
|C100|1|0|11476|55|00|1|000015673|23110407324443000187550010000156731039810224|19042011|19042011|37,00|1|||37,00|1||||0|0||||0,24|1,11|||
|C190|060|5405||37,00|0|0|0|0|0|0||
|C100|1|0|3722|55|00|1|000015674|23110407324443000187550010000156741481016004|19042011|19042011|1053,85|1|||1053,85|1||||0|0||||6,85|31,62|||
|C190|060|5405||1053,85|0|0|0|0|0|0||
|C100|1|0|3722|55|00|1|000015675|23110407324443000187550010000156751512029959|19042011|19042011|632,70|1|||632,70|1||||0|0||||4,11|18,98|||
|C190|060|5405||632,70|0|0|0|0|0|0||
|C100|1|0|10195|55|00|1|000015676|23110407324443000187550010000156761810101094|19042011|19042011|420,57|1|||420,57|1||||0|0||||2,73|12,62|||
|C190|060|5405||420,57|0|0|0|0|0|0||
|C100|1|0|5075|55|00|1|000015677|23110407324443000187550010000156771299529010|19042011|19042011|1366,51|1|||1366,51|1||||0|0||||8,88|41,00|||
|C190|060|5405||1366,51|0|0|0|0|0|0||
|C100|1|0|5075|55|00|1|000015678|23110407324443000187550010000156781410081333|19042011|19042011|165,30|1|||165,30|1||||0|0||||1,07|4,96|||
|C190|060|5405||165,30|0|0|0|0|0|0||
|C100|1|0|4956|55|00|1|000015679|23110407324443000187550010000156791723781145|19042011|19042011|334,02|1|||334,02|1||||0|0||||2,17|10,02|||
|C190|060|5405||334,02|0|0|0|0|0|0||
|C100|1|0|4681|55|00|1|000015680|23110407324443000187550010000156801847107307|19042011|19042011|556,88|1|||556,88|1||||0|0||||3,62|16,71|||
|C190|060|5405||556,88|0|0|0|0|0|0||
|C100|1|0|4681|55|00|1|000015681|23110407324443000187550010000156811102793192|19042011|19042011|278,00|1|||278,00|1||||0|0||||1,81|8,34|||
|C190|060|5405||278,00|0|0|0|0|0|0||
|C100|1|0|3756|55|00|1|000015682|23110407324443000187550010000156821859701700|20042011|20042011|751,00|1|||751,00|1||||0|0||||4,88|22,53|||
|C190|060|5405||751,00|0|0|0|0|0|0||
|C100|1|0|3756|55|00|1|000015683|23110407324443000187550010000156831082768532|20042011|20042011|166,59|1|||166,59|1||||0|0||||1,08|5,00|||
|C190|060|5405||166,59|0|0|0|0|0|0||
|C100|1|0|5005|55|00|1|000015684|23110407324443000187550010000156841605626301|20042011|20042011|214,70|1|||214,70|1||||0|0||||1,40|6,44|||
|C190|060|5405||214,70|0|0|0|0|0|0||
|C100|1|0|13250|55|00|1|000015685|23110407324443000187550010000156851138594180|20042011|20042011|443,02|1|||443,02|1||||0|0||||2,88|13,29|||
|C190|060|5405||443,02|0|0|0|0|0|0||
|C100|1|0|13250|55|00|1|000015686|23110407324443000187550010000156861614107618|20042011|20042011|71,44|1|||71,44|1||||0|0||||0,46|2,14|||
|C190|060|5405||71,44|0|0|0|0|0|0||
|C100|1|0|13569|55|00|1|000015687|23110407324443000187550010000156871293310829|20042011|20042011|312,80|1|||312,80|1||||0|0||||2,03|9,38|||
|C190|060|5405||312,80|0|0|0|0|0|0||
|C100|1|0|3704|55|00|1|000015688|23110407324443000187550010000156881319945211|20042011|20042011|920,76|1|||920,76|1||||0|0||||5,98|27,62|||
|C190|060|5405||920,76|0|0|0|0|0|0||
|C100|1|0|4332|55|00|1|000015689|23110407324443000187550010000156891349147477|20042011|20042011|420,15|1|||420,15|1||||0|0||||2,73|12,60|||
|C190|060|5405||420,15|0|0|0|0|0|0||
|C100|1|0|12866|55|00|1|000015690|23110407324443000187550010000156901331043930|20042011|20042011|1449,00|1|||1449,00|1||||0|0||||9,42|43,47|||
|C190|060|5405||1449,00|0|0|0|0|0|0||
|C100|1|0|4182|55|00|1|000015691|23110407324443000187550010000156911730110719|20042011|20042011|935,31|1|||935,31|1||||0|0||||6,08|28,06|||
|C190|060|5405||935,31|0|0|0|0|0|0||
|C100|1|0|4182|55|00|1|000015692|23110407324443000187550010000156921103496110|20042011|20042011|144,09|1|||144,09|1||||0|0||||0,94|4,32|||
|C190|060|5405||144,09|0|0|0|0|0|0||
|C100|1|0|4946|55|00|1|000015693|23110407324443000187550010000156931510812387|20042011|20042011|480,76|1|||480,76|1||||0|0||||3,12|14,42|||
|C190|060|5405||480,76|0|0|0|0|0|0||
|C100|1|0|3713|55|00|1|000015694|23110407324443000187550010000156941220091633|20042011|20042011|802,25|1|||802,25|1||||0|0||||5,21|24,07|||
|C190|060|5405||802,25|0|0|0|0|0|0||
|C100|1|0|3773|55|00|1|000015695|23110407324443000187550010000156951626310854|20042011|20042011|227,40|1|||227,40|1||||0|0||||1,48|6,82|||
|C190|060|5405||227,40|0|0|0|0|0|0||
|C100|1|0|3723|55|00|1|000015696|23110407324443000187550010000156961386918281|20042011|20042011|138,31|1|||138,31|1||||0|0||||0,90|4,15|||
|C190|060|5405||138,31|0|0|0|0|0|0||
|C100|1|0|11309|55|00|1|000015697|23110407324443000187550010000156971909886050|20042011|20042011|241,95|1|||241,95|1||||0|0||||1,57|7,26|||
|C190|060|5405||241,95|0|0|0|0|0|0||
|C100|1|0|4668|55|00|1|000015698|23110407324443000187550010000156981431744920|20042011|20042011|186,73|1|||186,73|1||||0|0||||1,21|5,60|||
|C190|060|5405||186,73|0|0|0|0|0|0||
|C100|1|0|11209|55|00|1|000015699|23110407324443000187550010000156991449261413|20042011|20042011|345,68|1|||345,68|1||||0|0||||2,25|10,37|||
|C190|060|5405||345,68|0|0|0|0|0|0||
|C100|1|0|13261|55|00|1|000015700|23110407324443000187550010000157001753906472|20042011|20042011|226,95|1|||226,95|1||||0|0||||1,48|6,81|||
|C190|060|5405||226,95|0|0|0|0|0|0||
|C100|1|0|4946|55|00|1|000015701|23110407324443000187550010000157011286874241|20042011|20042011|132,42|1|||132,42|1||||0|0||||0,86|3,97|||
|C190|060|5405||132,42|0|0|0|0|0|0||
|C100|1|0|800010312|55|00|1|000015702|23110407324443000187550010000157021809732010|20042011|20042011|307,58|1|||307,58|1||||0|0||||2,00|9,23|||
|C190|060|5403||110,25|0|0|0|0|0|0||
|C190|060|5405||197,33|0|0|0|0|0|0||
|C100|1|0|10465|55|00|1|000015703|23110407324443000187550010000157031450510094|20042011|20042011|206,53|1|||206,53|1||||0|0||||1,34|6,20|||
|C190|060|5405||206,53|0|0|0|0|0|0||
|C100|1|0|3713|55|00|1|000015704|23110407324443000187550010000157041964569769|20042011|20042011|230,72|1|||230,72|1||||0|0||||1,50|6,92|||
|C190|060|5405||230,72|0|0|0|0|0|0||
|C100|1|0|4305|55|00|1|000015705|23110407324443000187550010000157051497427538|20042011|20042011|166,98|1|||166,98|1||||0|0||||1,09|5,01|||
|C190|060|5405||166,98|0|0|0|0|0|0||
|C100|1|0|4626|55|00|1|000015706|23110407324443000187550010000157061102103952|20042011|20042011|1309,90|1|||1309,90|1||||0|0||||8,51|39,30|||
|C190|060|6403||1309,90|0|0|0|0|0|0||
|C100|1|0|13007|55|00|1|000015707|23110407324443000187550010000157071421006382|20042011|20042011|710,13|1|||710,13|1||||0|0||||4,62|21,30|||
|C190|060|5405||710,13|0|0|0|0|0|0||
|C100|1|0|13007|55|00|1|000015708|23110407324443000187550010000157081202604109|20042011|20042011|828,80|1|||828,80|1||||0|0||||5,39|24,86|||
|C190|060|5405||828,80|0|0|0|0|0|0||
|C100|1|0|13007|55|00|1|000015709|23110407324443000187550010000157091010820102|20042011|20042011|54,00|1|||54,00|1||||0|0||||0,35|1,62|||
|C190|060|5405||54,00|0|0|0|0|0|0||
|C100|1|0|13007|55|00|1|000015710|23110407324443000187550010000157101571073838|20042011|20042011|139,00|1|||139,00|1||||0|0||||0,90|4,17|||
|C190|060|5405||139,00|0|0|0|0|0|0||
|C100|1|0|17986|55|00|1|000015711|23110407324443000187550010000157111157811053|20042011|20042011|1502,58|1|||1502,58|1||||0|0||||9,77|45,08|||
|C190|060|5403||113,16|0|0|0|0|0|0||
|C190|060|5405||1389,42|0|0|0|0|0|0||
|C100|1|0|17986|55|00|1|000015712|23110407324443000187550010000157121251710831|20042011|20042011|417,00|1|||417,00|1||||0|0||||2,71|12,51|||
|C190|060|5405||417,00|0|0|0|0|0|0||
|C100|1|0|13400|55|00|1|000015713|23110407324443000187550010000157131105706610|20042011|20042011|422,19|1|||422,19|1||||0|0||||2,74|12,67|||
|C190|060|5405||422,19|0|0|0|0|0|0||
|C100|1|0|17698|55|00|1|000015714|23110407324443000187550010000157141066111018|20042011|20042011|1374,83|1|||1374,83|1||||0|0||||8,94|41,24|||
|C190|060|5405||1374,83|0|0|0|0|0|0||
|C100|1|0|17698|55|00|1|000015715|23110407324443000187550010000157151002992860|20042011|20042011|42,50|1|||42,50|1||||0|0||||0,28|1,28|||
|C190|060|5405||42,50|0|0|0|0|0|0||
|C100|1|0|4192|55|00|1|000015716|23110407324443000187550010000157161635850639|20042011|20042011|1012,48|1|||1012,48|1||||0|0||||6,58|30,37|||
|C190|060|5405||1012,48|0|0|0|0|0|0||
|C100|1|0|17883|55|00|1|000015717|23110407324443000187550010000157171168719408|20042011|20042011|70,97|1|||70,97|1||||0|0||||0,46|2,13|||
|C190|060|5405||70,97|0|0|0|0|0|0||
|C100|1|0|17883|55|00|1|000015718|23110407324443000187550010000157181790687287|20042011|20042011|18,87|1|||18,87|1||||0|0||||0,12|0,57|||
|C190|060|5405||18,87|0|0|0|0|0|0||
|C100|1|0|17883|55|00|1|000015719|23110407324443000187550010000157191213545056|20042011|20042011|469,52|1|||469,52|1||||0|0||||3,05|14,09|||
|C190|060|5405||469,52|0|0|0|0|0|0||
|C100|1|0|13264|55|00|1|000015720|23110407324443000187550010000157201027495100|20042011|20042011|309,18|1|||309,18|1||||0|0||||2,01|9,28|||
|C190|060|5405||309,18|0|0|0|0|0|0||
|C100|1|0|17694|55|00|1|000015721|23110407324443000187550010000157211421005458|20042011|20042011|795,10|1|||795,10|1||||0|0||||5,17|23,85|||
|C190|060|5405||795,10|0|0|0|0|0|0||
|C100|1|0|17694|55|00|1|000015722|23110407324443000187550010000157221039246481|20042011|20042011|206,42|1|||206,42|1||||0|0||||1,34|6,19|||
|C190|060|5403||46,22|0|0|0|0|0|0||
|C190|060|5405||160,20|0|0|0|0|0|0||
|C100|1|0|16924|55|00|1|000015723|23110407324443000187550010000157231672521443|20042011|20042011|214,39|1|||214,39|1||||0|0||||1,39|6,43|||
|C190|060|5405||214,39|0|0|0|0|0|0||
|C100|1|0|16924|55|00|1|000015724|23110407324443000187550010000157241506321020|20042011|20042011|139,00|1|||139,00|1||||0|0||||0,90|4,17|||
|C190|060|5405||139,00|0|0|0|0|0|0||
|C100|1|0|10510|55|00|1|000015725|23110407324443000187550010000157251728358091|20042011|20042011|139,00|1|||139,00|1||||0|0||||0,90|4,17|||
|C190|060|5405||139,00|0|0|0|0|0|0||
|C100|1|0|10510|55|00|1|000015726|23110407324443000187550010000157261250216960|20042011|20042011|281,77|1|||281,77|1||||0|0||||1,83|8,45|||
|C190|060|5405||281,77|0|0|0|0|0|0||
|C100|1|0|10465|55|00|1|000015727|23110407324443000187550010000157271883184730|25042011|25042011|232,20|1|||232,20|1||||0|0||||1,51|6,97|||
|C190|060|5405||232,20|0|0|0|0|0|0||
|C100|1|0|13751|55|00|1|000015728|23110407324443000187550010000157281306042509|25042011|25042011|224,22|1|||224,22|1||||0|0||||1,46|6,73|||
|C190|060|5405||224,22|0|0|0|0|0|0||
|C100|1|0|3720|55|00|1|000015729|23110407324443000187550010000157291107110005|25042011|25042011|1156,12|1|||1156,12|1||||0|0||||7,51|34,68|||
|C190|060|5403||1123,11|0|0|0|0|0|0||
|C190|060|5405||33,01|0|0|0|0|0|0||
|C100|1|0|3770|55|00|1|000015730|23110407324443000187550010000157301953010226|25042011|25042011|108,16|1|||108,16|1||||0|0||||0,70|3,24|||
|C190|060|5405||108,16|0|0|0|0|0|0||
|C100|1|0|17704|55|00|1|000015731|23110407324443000187550010000157311132160027|25042011|25042011|242,01|1|||242,01|1||||0|0||||1,57|7,26|||
|C190|060|5405||242,01|0|0|0|0|0|0||
|C100|1|0|4632|55|00|1|000015732|23110407324443000187550010000157321381047078|25042011|25042011|755,99|1|||755,99|1||||0|0||||4,91|22,68|||
|C190|060|5405||755,99|0|0|0|0|0|0||
|C100|1|0|4861|55|00|1|000015733|23110407324443000187550010000157331579109771|25042011|25042011|1570,74|1|||1570,74|1||||0|0||||10,21|47,12|||
|C190|060|5405||1570,74|0|0|0|0|0|0||
|C100|1|0|4861|55|00|1|000015734|23110407324443000187550010000157341810955544|25042011|25042011|331,90|1|||331,90|1||||0|0||||2,16|9,96|||
|C190|060|5405||331,90|0|0|0|0|0|0||
|C100|1|0|13004|55|00|1|000015735|23110407324443000187550010000157351910333224|25042011|25042011|1314,83|1|||1314,83|1||||0|0||||8,55|39,44|||
|C190|060|5405||1314,83|0|0|0|0|0|0||
|C100|1|0|10469|55|00|1|000015736|23110407324443000187550010000157361976781192|25042011|25042011|1548,78|1|||1548,78|1||||0|0||||10,07|46,46|||
|C190|060|5405||1548,78|0|0|0|0|0|0||
|C100|1|0|13756|55|00|1|000015737|23110407324443000187550010000157371103438016|25042011|25042011|2245,29|1|||2245,29|1||||0|0||||14,59|67,36|||
|C190|060|5405||2245,29|0|0|0|0|0|0||
|C100|1|0|4228|55|00|1|000015738|23110407324443000187550010000157381102150881|25042011|25042011|575,92|1|||575,92|1||||0|0||||3,74|17,28|||
|C190|060|5405||575,92|0|0|0|0|0|0||
|C100|1|0|4731|55|00|1|000015739|23110407324443000187550010000157391554476600|25042011|25042011|388,58|1|||388,58|1||||0|0||||2,53|11,66|||
|C190|060|5405||388,58|0|0|0|0|0|0||
|C100|1|0|4731|55|00|1|000015740|23110407324443000187550010000157401225768580|25042011|25042011|236,89|1|||236,89|1||||0|0||||1,54|7,11|||
|C190|060|5405||236,89|0|0|0|0|0|0||
|C100|1|0|4731|55|00|1|000015741|23110407324443000187550010000157411858626359|25042011|25042011|15,31|1|||15,31|1||||0|0||||0,10|0,46|||
|C190|060|5405||15,31|0|0|0|0|0|0||
|C100|1|0|4765|55|00|1|000015742|23110407324443000187550010000157421380594128|25042011|25042011|1224,20|1|||1224,20|1||||0|0||||7,96|36,73|||
|C190|060|5405||1224,20|0|0|0|0|0|0||
|C100|1|0|4765|55|00|1|000015743|23110407324443000187550010000157431231089798|25042011|25042011|112,30|1|||112,30|1||||0|0||||0,73|3,37|||
|C190|060|5405||112,30|0|0|0|0|0|0||
|C100|1|0|4765|55|00|1|000015744|23110407324443000187550010000157441436310876|25042011|25042011|279,81|1|||279,81|1||||0|0||||1,82|8,39|||
|C190|060|5405||279,81|0|0|0|0|0|0||
|C100|1|0|1040|55|00|1|000015745|23110407324443000187550010000157451106928962|25042011|25042011|1206,28|1|||1206,28|1||||0|0||||7,84|36,19|||
|C190|060|5405||1206,28|0|0|0|0|0|0||
|C100|1|0|1040|55|00|1|000015746|23110407324443000187550010000157461591147414|25042011|25042011|539,93|1|||539,93|1||||0|0||||3,51|16,20|||
|C190|060|5405||539,93|0|0|0|0|0|0||
|C100|1|0|1040|55|00|1|000015747|23110407324443000187550010000157471014005293|25042011|25042011|45,32|1|||45,32|1||||0|0||||0,29|1,36|||
|C190|060|5405||45,32|0|0|0|0|0|0||
|C100|1|0|16914|55|00|1|000015748|23110407324443000187550010000157481368429043|25042011|25042011|918,10|1|||918,10|1||||0|0||||5,97|27,54|||
|C190|060|5405||918,10|0|0|0|0|0|0||
|C100|1|0|4853|55|00|1|000015749|23110407324443000187550010000157491831093196|25042011|25042011|832,40|1|||832,40|1||||0|0||||5,41|24,97|||
|C190|060|5405||832,40|0|0|0|0|0|0||
|C100|1|0|4378|55|00|1|000015750|23110407324443000187550010000157501102251593|25042011|25042011|1793,26|1|||1793,26|1||||0|0||||11,66|53,80|||
|C190|060|5405||1793,26|0|0|0|0|0|0||
|C100|1|0|4378|55|00|1|000015751|23110407324443000187550010000157511473091680|25042011|25042011|1254,17|1|||1254,17|1||||0|0||||8,15|37,63|||
|C190|060|5405||1254,17|0|0|0|0|0|0||
|C100|1|0|4378|55|00|1|000015752|23110407324443000187550010000157521626105108|25042011|25042011|333,30|1|||333,30|1||||0|0||||2,17|10,00|||
|C190|060|5405||333,30|0|0|0|0|0|0||
|C100|1|0|4731|55|00|1|000015753|23110407324443000187550010000157531529918229|25042011|25042011|794,01|1|||794,01|1||||0|0||||5,16|23,82|||
|C190|060|5405||794,01|0|0|0|0|0|0||
|C100|1|0|3698|55|00|1|000015754|23110407324443000187550010000157541191010308|25042011|25042011|1313,14|1|||1313,14|1||||0|0||||8,54|39,39|||
|C190|060|5405||1313,14|0|0|0|0|0|0||
|C100|1|0|3741|55|00|1|000015755|23110407324443000187550010000157551684744977|25042011|25042011|211,29|1|||211,29|1||||0|0||||1,37|6,34|||
|C190|060|5405||211,29|0|0|0|0|0|0||
|C100|1|0|17883|55|00|1|000015756|23110407324443000187550010000157561107602746|25042011|25042011|387,02|1|||387,02|1||||0|0||||2,52|11,61|||
|C190|060|5405||387,02|0|0|0|0|0|0||
|C100|1|0|17883|55|00|1|000015757|23110407324443000187550010000157571261057059|25042011|25042011|467,28|1|||467,28|1||||0|0||||3,04|14,02|||
|C190|060|5405||467,28|0|0|0|0|0|0||
|C100|1|0|5052|55|00|1|000015758|23110407324443000187550010000157581262439394|25042011|25042011|916,08|1|||916,08|1||||0|0||||5,95|27,48|||
|C190|060|5405||916,08|0|0|0|0|0|0||
|C100|1|0|5052|55|00|1|000015759|23110407324443000187550010000157591555410710|25042011|25042011|260,92|1|||260,92|1||||0|0||||1,70|7,83|||
|C190|060|5405||260,92|0|0|0|0|0|0||
|C100|1|0|3713|55|00|1|000015760|23110407324443000187550010000157601566699033|25042011|25042011|928,06|1|||928,06|1||||0|0||||6,03|27,84|||
|C190|060|5405||928,06|0|0|0|0|0|0||
|C100|1|0|13721|55|00|1|000015761|23110407324443000187550010000157611099557902|25042011|25042011|1413,44|1|||1413,44|1||||0|0||||9,19|42,40|||
|C190|060|5405||1413,44|0|0|0|0|0|0||
|C100|1|0|5005|55|00|1|000015762|23110407324443000187550010000157621611415781|25042011|25042011|39,75|1|||39,75|1||||0|0||||0,26|1,19|||
|C190|060|5405||39,75|0|0|0|0|0|0||
|C100|1|0|5005|55|00|1|000015763|23110407324443000187550010000157631697601705|25042011|25042011|11,26|1|||11,26|1||||0|0||||0,07|0,34|||
|C190|060|5405||11,26|0|0|0|0|0|0||
|C100|1|0|9734|55|00|1|000015764|23110407324443000187550010000157641777241320|25042011|25042011|1159,00|1|||1159,00|1||||0|0||||7,53|34,77|||
|C190|060|5405||1159,00|0|0|0|0|0|0||
|C100|1|0|9734|55|00|1|000015765|23110407324443000187550010000157651720261027|25042011|25042011|265,05|1|||265,05|1||||0|0||||1,72|7,95|||
|C190|060|5405||265,05|0|0|0|0|0|0||
|C100|1|0|13756|55|00|1|000015766|23110407324443000187550010000157661766057101|25042011|25042011|276,21|1|||276,21|1||||0|0||||1,80|8,29|||
|C190|060|5405||276,21|0|0|0|0|0|0||
|C100|1|0|16914|55|00|1|000015767|23110407324443000187550010000157671170103682|25042011|25042011|219,00|1|||219,00|1||||0|0||||1,42|6,57|||
|C190|060|5405||219,00|0|0|0|0|0|0||
|C100|1|0|17986|55|00|1|000015768|23110407324443000187550010000157681356610468|25042011|25042011|536,06|1|||536,06|1||||0|0||||3,48|16,08|||
|C190|060|5405||536,06|0|0|0|0|0|0||
|C100|1|0|3798|55|00|1|000015769|23110407324443000187550010000157691400862495|25042011|25042011|488,47|1|||488,47|1||||0|0||||3,18|14,65|||
|C190|060|5405||488,47|0|0|0|0|0|0||
|C100|1|0|3798|55|00|1|000015770|23110407324443000187550010000157701181054365|25042011|25042011|1469,84|1|||1469,84|1||||0|0||||9,55|44,10|||
|C190|060|5405||1469,84|0|0|0|0|0|0||
|C100|1|0|3798|55|00|1|000015771|23110407324443000187550010000157711778101216|25042011|25042011|62,10|1|||62,10|1||||0|0||||0,40|1,86|||
|C190|060|5405||62,10|0|0|0|0|0|0||
|C100|1|0|11815|55|00|1|000015772|23110407324443000187550010000157721626104210|25042011|25042011|24,20|1|||24,20|1||||0|0||||0,16|0,73|||
|C190|060|5405||24,20|0|0|0|0|0|0||
|C100|1|0|13056|55|00|1|000015773|23110407324443000187550010000157731111084984|25042011|25042011|2730,02|1|||2730,02|1||||0|0||||17,75|81,90|||
|C190|060|6403||2730,02|0|0|0|0|0|0||
|C100|1|0|13565|55|00|1|000015775|23110407324443000187550010000157751915675420|26042011|26042011|712,68|1|||712,68|1||||0|0||||4,63|21,38|||
|C190|060|5405||712,68|0|0|0|0|0|0||
|C100|1|0|13565|55|00|1|000015776|23110407324443000187550010000157761626310854|26042011|26042011|114,80|1|||114,80|1||||0|0||||0,75|3,44|||
|C190|060|5405||114,80|0|0|0|0|0|0||
|C100|1|0|10948|55|00|1|000015777|23110407324443000187550010000157771157810105|26042011|26042011|561,70|1|||561,70|1||||0|0||||3,65|16,85|||
|C190|060|5405||561,70|0|0|0|0|0|0||
|C100|1|0|4161|55|00|1|000015778|23110407324443000187550010000157781381071091|26042011|26042011|645,94|1|||645,94|1||||0|0||||4,20|19,38|||
|C190|060|5405||645,94|0|0|0|0|0|0||
|C100|1|0|12097|55|00|1|000015779|23110407324443000187550010000157791026228717|26042011|26042011|193,16|1|||193,16|1||||0|0||||1,26|5,79|||
|C190|060|5405||193,16|0|0|0|0|0|0||
|C100|1|0|11621|55|00|1|000015780|23110407324443000187550010000157801730681068|26042011|26042011|2906,66|1|||2906,66|1||||0|0||||18,89|87,20|||
|C190|060|5405||2906,66|0|0|0|0|0|0||
|C100|1|0|11621|55|00|1|000015781|23110407324443000187550010000157811641048847|26042011|26042011|1667,74|1|||1667,74|1||||0|0||||10,84|50,03|||
|C190|060|5405||1667,74|0|0|0|0|0|0||
|C100|1|0|5070|55|00|1|000015782|23110407324443000187550010000157821952346235|26042011|26042011|550,15|1|||550,15|1||||0|0||||3,58|16,50|||
|C190|060|5405||550,15|0|0|0|0|0|0||
|C100|1|0|5070|55|00|1|000015783|23110407324443000187550010000157831485204004|26042011|26042011|448,05|1|||448,05|1||||0|0||||2,91|13,44|||
|C190|060|5405||448,05|0|0|0|0|0|0||
|C100|1|0|17283|55|00|1|000015784|23110407324443000187550010000157841100817296|26042011|26042011|1334,93|1|||1334,93|1||||0|0||||8,68|40,05|||
|C190|060|5405||1334,93|0|0|0|0|0|0||
|C100|1|0|17283|55|00|1|000015785|23110407324443000187550010000157851530030752|26042011|26042011|208,70|1|||208,70|1||||0|0||||1,36|6,26|||
|C190|060|5405||208,70|0|0|0|0|0|0||
|C100|1|0|12749|55|00|1|000015786|23110407324443000187550010000157861545101097|26042011|26042011|1314,19|1|||1314,19|1||||0|0||||8,54|39,43|||
|C190|060|5405||1314,19|0|0|0|0|0|0||
|C100|1|0|12749|55|00|1|000015787|23110407324443000187550010000157871951026268|26042011|26042011|789,90|1|||789,90|1||||0|0||||5,13|23,70|||
|C190|060|5405||789,90|0|0|0|0|0|0||
|C100|1|0|17871|55|00|1|000015788|23110407324443000187550010000157881119825170|26042011|26042011|336,22|1|||336,22|1||||0|0||||2,19|10,09|||
|C190|060|5405||336,22|0|0|0|0|0|0||
|C100|1|0|17872|55|00|1|000015789|23110407324443000187550010000157891916894377|26042011|26042011|404,93|1|||404,93|1||||0|0||||2,63|12,15|||
|C190|060|5405||404,93|0|0|0|0|0|0||
|C100|1|0|17872|55|00|1|000015790|23110407324443000187550010000157901872108593|26042011|26042011|122,15|1|||122,15|1||||0|0||||0,79|3,66|||
|C190|060|5405||122,15|0|0|0|0|0|0||
|C100|1|0|4681|55|00|1|000015791|23110407324443000187550010000157911580980158|26042011|26042011|1238,39|1|||1238,39|1||||0|0||||8,05|37,15|||
|C190|060|5405||1238,39|0|0|0|0|0|0||
|C100|1|0|4681|55|00|1|000015792|23110407324443000187550010000157921578801567|26042011|26042011|278,00|1|||278,00|1||||0|0||||1,81|8,34|||
|C190|060|5405||278,00|0|0|0|0|0|0||
|C100|1|0|3245|55|00|1|000015793|23110407324443000187550010000157931191019109|26042011|26042011|425,40|1|||425,40|1||||0|0||||2,77|12,76|||
|C190|060|5405||425,40|0|0|0|0|0|0||
|C100|1|0|17951|55|00|1|000015794|23110407324443000187550010000157941623638105|26042011|26042011|1161,19|1|||1161,19|1||||0|0||||7,55|34,84|||
|C190|060|5405||1161,19|0|0|0|0|0|0||
|C100|1|0|17951|55|00|1|000015795|23110407324443000187550010000157951498823108|26042011|26042011|1340,37|1|||1340,37|1||||0|0||||8,71|40,21|||
|C190|060|5405||1340,37|0|0|0|0|0|0||
|C100|1|0|17951|55|00|1|000015796|23110407324443000187550010000157961789464853|26042011|26042011|140,68|1|||140,68|1||||0|0||||0,91|4,22|||
|C190|060|5405||140,68|0|0|0|0|0|0||
|C100|1|0|17951|55|00|1|000015797|23110407324443000187550010000157971201322622|26042011|26042011|265,24|1|||265,24|1||||0|0||||1,72|7,96|||
|C190|060|5405||265,24|0|0|0|0|0|0||
|C100|1|0|10925|55|00|1|000015798|23110407324443000187550010000157981801068988|26042011|26042011|1241,40|1|||1241,40|1||||0|0||||8,07|37,24|||
|C190|060|5405||1241,40|0|0|0|0|0|0||
|C100|1|0|17689|55|00|1|000015799|23110407324443000187550010000157991367159270|26042011|26042011|404,29|1|||404,29|1||||0|0||||2,63|12,13|||
|C190|060|5405||404,29|0|0|0|0|0|0||
|C100|1|0|4769|55|00|1|000015800|23110407324443000187550010000158001766576102|26042011|26042011|918,00|1|||918,00|1||||0|0||||5,97|27,54|||
|C190|060|5405||918,00|0|0|0|0|0|0||
|C100|1|0|4769|55|00|1|000015801|23110407324443000187550010000158011689310813|26042011|26042011|1221,61|1|||1221,61|1||||0|0||||7,94|36,65|||
|C190|060|5405||1221,61|0|0|0|0|0|0||
|C100|1|0|12897|55|00|1|000015802|23110407324443000187550010000158021101289692|26042011|26042011|1133,38|1|||1133,38|1||||0|0||||7,37|34,00|||
|C190|060|5405||1133,38|0|0|0|0|0|0||
|C100|1|0|12897|55|00|1|000015803|23110407324443000187550010000158031977146487|26042011|26042011|185,14|1|||185,14|1||||0|0||||1,20|5,55|||
|C190|060|5405||185,14|0|0|0|0|0|0||
|C100|1|0|4944|55|00|1|000015804|23110407324443000187550010000158041267005230|26042011|26042011|725,35|1|||725,35|1||||0|0||||4,71|21,76|||
|C190|060|5405||725,35|0|0|0|0|0|0||
|C100|1|0|4944|55|00|1|000015805|23110407324443000187550010000158051110510730|26042011|26042011|979,22|1|||979,22|1||||0|0||||6,36|29,38|||
|C190|060|5405||979,22|0|0|0|0|0|0||
|C100|1|0|5053|55|00|1|000015806|23110407324443000187550010000158061312931989|26042011|26042011|275,94|1|||275,94|1||||0|0||||1,79|8,28|||
|C190|060|5405||275,94|0|0|0|0|0|0||
|C100|1|0|13234|55|00|1|000015807|23110407324443000187550010000158071039741074|26042011|26042011|425,04|1|||425,04|1||||0|0||||2,76|12,75|||
|C190|060|5405||425,04|0|0|0|0|0|0||
|C100|1|0|13234|55|00|1|000015808|23110407324443000187550010000158081478768527|26042011|26042011|573,88|1|||573,88|1||||0|0||||3,73|17,22|||
|C190|060|5405||573,88|0|0|0|0|0|0||
|C100|1|0|4178|55|00|1|000015809|23110407324443000187550010000158091600739511|26042011|26042011|70,98|1|||70,98|1||||0|0||||0,46|2,13|||
|C190|060|5405||70,98|0|0|0|0|0|0||
|C100|1|0|4178|55|00|1|000015810|23110407324443000187550010000158101771918276|26042011|26042011|361,80|1|||361,80|1||||0|0||||2,35|10,85|||
|C190|060|5405||361,80|0|0|0|0|0|0||
|C100|1|0|4313|55|00|1|000015811|23110407324443000187550010000158111610488609|26042011|26042011|675,91|1|||675,91|1||||0|0||||4,39|20,28|||
|C190|060|5405||675,91|0|0|0|0|0|0||
|C100|1|0|4313|55|00|1|000015812|23110407324443000187550010000158121827744914|26042011|26042011|723,26|1|||723,26|1||||0|0||||4,70|21,70|||
|C190|060|5405||723,26|0|0|0|0|0|0||
|C100|1|0|4313|55|00|1|000015813|23110407324443000187550010000158131191060278|26042011|26042011|164,25|1|||164,25|1||||0|0||||1,07|4,93|||
|C190|060|5405||164,25|0|0|0|0|0|0||
|C100|1|0|4313|55|00|1|000015814|23110407324443000187550010000158141982570562|26042011|26042011|776,46|1|||776,46|1||||0|0||||5,05|23,29|||
|C190|060|5405||776,46|0|0|0|0|0|0||
|C100|1|0|3713|55|00|1|000015815|23110407324443000187550010000158151405439331|26042011|26042011|688,24|1|||688,24|1||||0|0||||4,47|20,65|||
|C190|060|5405||688,24|0|0|0|0|0|0||
|C100|1|0|4946|55|00|1|000015816|23110407324443000187550010000158161531232268|26042011|26042011|163,47|1|||163,47|1||||0|0||||1,06|4,90|||
|C190|060|5405||163,47|0|0|0|0|0|0||
|C100|1|0|13234|55|00|1|000015817|23110407324443000187550010000158171673461108|26042011|26042011|349,80|1|||349,80|1||||0|0||||2,27|10,49|||
|C190|060|5405||349,80|0|0|0|0|0|0||
|C100|1|0|4467|55|00|1|000015818|23110407324443000187550010000158181093123859|26042011|26042011|1120,88|1|||1120,88|1||||0|0||||7,29|33,63|||
|C190|060|5405||1120,88|0|0|0|0|0|0||
|C100|1|0|4467|55|00|1|000015819|23110407324443000187550010000158191616091628|26042011|26042011|360,10|1|||360,10|1||||0|0||||2,34|10,80|||
|C190|060|5405||360,10|0|0|0|0|0|0||
|C100|1|0|12615|55|00|1|000015820|23110407324443000187550010000158201860471915|26042011|26042011|1099,19|1|||1099,19|1||||0|0||||7,14|32,98|||
|C190|060|5405||1099,19|0|0|0|0|0|0||
|C100|1|0|4185|55|00|1|000015821|23110407324443000187550010000158211611024130|26042011|26042011|933,07|1|||933,07|1||||0|0||||6,07|27,99|||
|C190|060|5405||933,07|0|0|0|0|0|0||
|C100|1|0|12608|55|00|1|000015822|23110407324443000187550010000158221847861017|26042011|26042011|688,23|1|||688,23|1||||0|0||||4,47|20,65|||
|C190|060|5405||688,23|0|0|0|0|0|0||
|C100|1|0|12608|55|00|1|000015823|23110407324443000187550010000158231580357103|26042011|26042011|694,01|1|||694,01|1||||0|0||||4,51|20,82|||
|C190|060|5405||694,01|0|0|0|0|0|0||
|C100|1|0|12608|55|00|1|000015824|23110407324443000187550010000158241801010361|26042011|26042011|163,99|1|||163,99|1||||0|0||||1,07|4,92|||
|C190|060|5405||163,99|0|0|0|0|0|0||
|C100|1|0|12608|55|00|1|000015825|23110407324443000187550010000158251170910460|26042011|26042011|121,44|1|||121,44|1||||0|0||||0,79|3,64|||
|C190|060|5405||121,44|0|0|0|0|0|0||
|C100|1|0|4356|55|00|1|000015826|23110407324443000187550010000158261653862432|26042011|26042011|268,69|1|||268,69|1||||0|0||||1,75|8,06|||
|C190|060|5405||268,69|0|0|0|0|0|0||
|C100|1|0|11329|55|00|1|000015827|23110407324443000187550010000158271186720201|26042011|26042011|208,40|1|||208,40|1||||0|0||||1,35|6,25|||
|C190|060|5405||208,40|0|0|0|0|0|0||
|C100|0|0|10465|55|00|1|000015828|23110407324443000187550010000158281709699080|26042011|26042011|477,38|1|||477,38|9||||0|0||||||||
|C190|060|1411||477,38|0|0|0|0|0|0||
|C100|0|0|10465|55|00|1|000015829|23110407324443000187550010000158291810632902|26042011|26042011|359,73|1|||359,73|9||||0|0||||||||
|C190|060|1411||359,73|0|0|0|0|0|0||
|C100|0|0|10465|55|00|1|000015830|23110407324443000187550010000158301100284985|26042011|26042011|262,19|1|||262,19|9||||0|0||||||||
|C190|060|1411||262,19|0|0|0|0|0|0||
|C100|0|0|10465|55|00|1|000015831|23110407324443000187550010000158311860415920|26042011|26042011|298,61|1|||298,61|9||||0|0||||||||
|C190|060|1411||298,61|0|0|0|0|0|0||
|C100|0|0|10465|55|00|1|000015832|23110407324443000187550010000158321068675478|26042011|26042011|191,55|1|||191,55|9||||0|0||||||||
|C190|060|1411||191,55|0|0|0|0|0|0||
|C100|1|0|3761|55|00|1|000015833|23110407324443000187550010000158331690533247|26042011|26042011|662,73|1|||662,73|1||||0|0||||4,31|19,88|||
|C190|060|5405||662,73|0|0|0|0|0|0||
|C100|1|0|3761|55|00|1|000015834|23110407324443000187550010000158341107101010|26042011|26042011|735,49|1|||735,49|1||||0|0||||4,78|22,06|||
|C190|060|5405||735,49|0|0|0|0|0|0||
|C100|1|0|3743|55|00|1|000015835|23110407324443000187550010000158351810637103|26042011|26042011|3436,14|1|||3436,14|1||||0|0||||22,33|103,08|||
|C190|060|5405||3436,14|0|0|0|0|0|0||
|C100|1|0|13734|55|00|1|000015836|23110407324443000187550010000158361279228764|26042011|26042011|1259,00|1|||1259,00|1||||0|0||||8,18|37,77|||
|C190|060|5405||1259,00|0|0|0|0|0|0||
|C100|1|0|1061|55|00|1|000015837|23110407324443000187550010000158371710119652|26042011|26042011|370,44|1|||370,44|1||||0|0||||2,41|11,11|||
|C190|060|5405||370,44|0|0|0|0|0|0||
|C100|1|0|13243|55|00|1|000015838|23110407324443000187550010000158381324054302|26042011|26042011|506,38|1|||506,38|1||||0|0||||3,29|15,19|||
|C190|060|5405||506,38|0|0|0|0|0|0||
|C100|1|0|13243|55|00|1|000015839|23110407324443000187550010000158391410710120|26042011|26042011|193,40|1|||193,40|1||||0|0||||1,26|5,80|||
|C190|060|5405||193,40|0|0|0|0|0|0||
|C100|1|0|8830|55|00|1|000015840|23110407324443000187550010000158401628204051|26042011|26042011|686,68|1|||686,68|1||||0|0||||4,46|20,60|||
|C190|060|5405||686,68|0|0|0|0|0|0||
|C100|1|0|2831|55|00|1|000015841|23110407324443000187550010000158411150172920|27042011|27042011|832,35|1|||832,35|1||||0|0||||5,41|24,97|||
|C190|060|5405||832,35|0|0|0|0|0|0||
|C100|1|0|2831|55|00|1|000015842|23110407324443000187550010000158421101010421|27042011|27042011|157,71|1|||157,71|1||||0|0||||1,03|4,73|||
|C190|060|5405||157,71|0|0|0|0|0|0||
|C100|1|0|17277|55|00|1|000015843|23110407324443000187550010000158431872210954|27042011|27042011|297,15|1|||297,15|1||||0|0||||1,93|8,91|||
|C190|060|5405||297,15|0|0|0|0|0|0||
|C100|1|0|17277|55|00|1|000015844|23110407324443000187550010000158441425501700|27042011|27042011|75,82|1|||75,82|1||||0|0||||0,49|2,27|||
|C190|060|5405||75,82|0|0|0|0|0|0||
|C100|1|0|10285|55|00|1|000015845|23110407324443000187550010000158451361825117|27042011|27042011|866,07|1|||866,07|1||||0|0||||5,63|25,98|||
|C190|060|5405||866,07|0|0|0|0|0|0||
|C100|1|0|13884|55|00|1|000015846|23110407324443000187550010000158461110513812|27042011|27042011|552,56|1|||552,56|1||||0|0||||3,59|16,58|||
|C190|060|5405||552,56|0|0|0|0|0|0||
|C100|1|0|13884|55|00|1|000015847|23110407324443000187550010000158471417651865|27042011|27042011|15,13|1|||15,13|1||||0|0||||0,10|0,45|||
|C190|060|5405||15,13|0|0|0|0|0|0||
|C100|1|0|13250|55|00|1|000015848|23110407324443000187550010000158481555981060|27042011|27042011|259,69|1|||259,69|1||||0|0||||1,69|7,79|||
|C190|060|5405||259,69|0|0|0|0|0|0||
|C100|1|0|13250|55|00|1|000015849|23110407324443000187550010000158491572488403|27042011|27042011|298,00|1|||298,00|1||||0|0||||1,94|8,94|||
|C190|060|5405||298,00|0|0|0|0|0|0||
|C100|1|0|3727|55|00|1|000015850|23110407324443000187550010000158501904491036|27042011|27042011|1091,74|1|||1091,74|1||||0|0||||7,10|32,75|||
|C190|060|5405||1091,74|0|0|0|0|0|0||
|C100|1|0|3738|55|00|1|000015851|23110407324443000187550010000158511876638152|27042011|27042011|1273,73|1|||1273,73|1||||0|0||||8,28|38,21|||
|C190|060|5405||1273,73|0|0|0|0|0|0||
|C100|1|0|3738|55|00|1|000015852|23110407324443000187550010000158521202023100|27042011|27042011|1226,22|1|||1226,22|1||||0|0||||7,97|36,79|||
|C190|060|5405||1226,22|0|0|0|0|0|0||
|C100|1|0|11062|55|00|1|000015853|23110407324443000187550010000158531040520410|27042011|27042011|534,27|1|||534,27|1||||0|0||||3,47|16,03|||
|C190|060|5405||534,27|0|0|0|0|0|0||
|C100|1|0|11062|55|00|1|000015854|23110407324443000187550010000158541454322670|27042011|27042011|75,82|1|||75,82|1||||0|0||||0,49|2,27|||
|C190|060|5405||75,82|0|0|0|0|0|0||
|C100|1|0|17277|55|00|1|000015855|23110407324443000187550010000158551108729047|27042011|27042011|936,98|1|||936,98|1||||0|0||||6,09|28,11|||
|C190|060|5403||110,48|0|0|0|0|0|0||
|C190|060|5405||826,50|0|0|0|0|0|0||
|C100|1|0|2133|55|00|1|000015856|23110407324443000187550010000158561410101591|27042011|27042011|1004,63|1|||1004,63|1||||0|0||||6,53|30,14|||
|C190|060|5405||1004,63|0|0|0|0|0|0||
|C100|1|0|3245|55|00|1|000015857|23110407324443000187550010000158571626310854|27042011|27042011|990,02|1|||990,02|1||||0|0||||6,44|29,70|||
|C190|060|5405||990,02|0|0|0|0|0|0||
|C100|1|0|3821|55|00|1|000015858|23110407324443000187550010000158581610110858|27042011|27042011|29,49|1|||29,49|1||||0|0||||0,19|0,88|||
|C190|060|5405||29,49|0|0|0|0|0|0||
|C100|1|0|3821|55|00|1|000015859|23110407324443000187550010000158591198943735|27042011|27042011|208,31|1|||208,31|1||||0|0||||1,35|6,25|||
|C190|060|5405||208,31|0|0|0|0|0|0||
|C100|1|0|4853|55|00|1|000015860|23110407324443000187550010000158601969135605|27042011|27042011|1003,00|1|||1003,00|1||||0|0||||6,52|30,09|||
|C190|060|5405||1003,00|0|0|0|0|0|0||
|C100|1|0|4853|55|00|1|000015861|23110407324443000187550010000158611474610349|27042011|27042011|80,25|1|||80,25|1||||0|0||||0,52|2,41|||
|C190|060|5405||80,25|0|0|0|0|0|0||
|C100|1|0|12877|55|00|1|000015862|23110407324443000187550010000158621710910611|27042011|27042011|162,22|1|||162,22|1||||0|0||||1,05|4,87|||
|C190|060|5405||162,22|0|0|0|0|0|0||
|C100|1|0|5005|55|00|1|000015863|23110407324443000187550010000158631557101012|27042011|27042011|128,07|1|||128,07|1||||0|0||||0,83|3,84|||
|C190|060|5405||128,07|0|0|0|0|0|0||
|C100|1|0|3770|55|00|1|000015864|23110407324443000187550010000158641170947612|27042011|27042011|4120,14|1|||4120,14|1||||0|0||||26,78|123,60|||
|C190|060|5405||4120,14|0|0|0|0|0|0||
|C100|1|0|3770|55|00|1|000015865|23110407324443000187550010000158651310275678|27042011|27042011|616,32|1|||616,32|1||||0|0||||4,01|18,49|||
|C190|060|5405||616,32|0|0|0|0|0|0||
|C100|1|0|4404|55|00|1|000015866|23110407324443000187550010000158661125614540|27042011|27042011|1250,28|1|||1250,28|1||||0|0||||8,13|37,51|||
|C190|060|5405||1250,28|0|0|0|0|0|0||
|C100|1|0|4404|55|00|1|000015867|23110407324443000187550010000158671758582319|27042011|27042011|626,74|1|||626,74|1||||0|0||||4,07|18,80|||
|C190|060|5405||626,74|0|0|0|0|0|0||
|C100|1|0|3751|55|00|1|000015868|23110407324443000187550010000158681280440198|27042011|27042011|872,54|1|||872,54|1||||0|0||||5,67|26,18|||
|C190|060|5405||872,54|0|0|0|0|0|0||
|C100|1|0|3751|55|00|1|000015869|23110407324443000187550010000158691638101911|27042011|27042011|450,84|1|||450,84|1||||0|0||||2,93|13,53|||
|C190|060|5405||450,84|0|0|0|0|0|0||
|C100|1|0|3751|55|00|1|000015870|23110407324443000187550010000158701275810096|27042011|27042011|1243,73|1|||1243,73|1||||0|0||||8,08|37,31|||
|C190|060|5405||1243,73|0|0|0|0|0|0||
|C100|1|0|16914|55|00|1|000015871|23110407324443000187550010000158711007569706|27042011|27042011|2258,00|1|||2258,00|1||||0|0||||14,68|67,74|||
|C190|060|5405||2258,00|0|0|0|0|0|0||
|C100|1|0|13246|55|00|1|000015872|23110407324443000187550010000158721319880153|27042011|27042011|228,33|1|||228,33|1||||0|0||||1,48|6,85|||
|C190|060|5405||228,33|0|0|0|0|0|0||
|C100|1|0|4924|55|00|1|000015873|23110407324443000187550010000158731162395354|27042011|27042011|225,49|1|||225,49|1||||0|0||||1,47|6,76|||
|C190|060|5405||225,49|0|0|0|0|0|0||
|C100|1|0|4824|55|00|1|000015874|23110407324443000187550010000158741795253123|27042011|27042011|1028,54|1|||1028,54|1||||0|0||||6,69|30,86|||
|C190|060|5405||1028,54|0|0|0|0|0|0||
|C100|1|0|13888|55|00|1|000015875|23110407324443000187550010000158751101002632|27042011|27042011|1077,86|1|||1077,86|1||||0|0||||7,01|32,34|||
|C190|060|5405||1077,86|0|0|0|0|0|0||
|C100|1|0|13888|55|00|1|000015876|23110407324443000187550010000158761612501089|27042011|27042011|790,43|1|||790,43|1||||0|0||||5,14|23,71|||
|C190|060|5405||790,43|0|0|0|0|0|0||
|C100|1|0|13888|55|00|1|000015877|23110407324443000187550010000158771810610485|27042011|27042011|149,71|1|||149,71|1||||0|0||||0,97|4,49|||
|C190|060|5405||149,71|0|0|0|0|0|0||
|C100|1|0|13888|55|00|1|000015878|23110407324443000187550010000158781910690640|27042011|27042011|15,50|1|||15,50|1||||0|0||||0,10|0,47|||
|C190|060|5405||15,50|0|0|0|0|0|0||
|C100|1|0|11684|55|00|1|000015879|23110407324443000187550010000158791429874299|27042011|27042011|795,71|1|||795,71|1||||0|0||||5,17|23,87|||
|C190|060|5405||795,71|0|0|0|0|0|0||
|C100|1|0|11684|55|00|1|000015880|23110407324443000187550010000158801381006617|27042011|27042011|544,24|1|||544,24|1||||0|0||||3,54|16,33|||
|C190|060|5405||544,24|0|0|0|0|0|0||
|C100|1|0|11684|55|00|1|000015881|23110407324443000187550010000158811104864101|27042011|27042011|136,57|1|||136,57|1||||0|0||||0,89|4,10|||
|C190|060|5405||136,57|0|0|0|0|0|0||
|C100|1|0|11684|55|00|1|000015882|23110407324443000187550010000158821255992807|27042011|27042011|76,64|1|||76,64|1||||0|0||||0,50|2,30|||
|C190|060|5405||76,64|0|0|0|0|0|0||
|C100|1|0|4221|55|00|1|000015883|23110407324443000187550010000158831888850686|27042011|27042011|1040,24|1|||1040,24|1||||0|0||||6,76|31,21|||
|C190|060|5405||1040,24|0|0|0|0|0|0||
|C100|1|0|4212|55|00|1|000015884|23110407324443000187550010000158841300719455|27042011|27042011|854,12|1|||854,12|1||||0|0||||5,55|25,62|||
|C190|060|5405||854,12|0|0|0|0|0|0||
|C100|1|0|4212|55|00|1|000015885|23110407324443000187550010000158851539510914|27042011|27042011|469,73|1|||469,73|1||||0|0||||3,05|14,09|||
|C190|060|5405||469,73|0|0|0|0|0|0||
|C100|1|0|4212|55|00|1|000015886|23110407324443000187550010000158861427584107|27042011|27042011|743,82|1|||743,82|1||||0|0||||4,83|22,31|||
|C190|060|5405||743,82|0|0|0|0|0|0||
|C100|1|0|13264|55|00|1|000015887|23110407324443000187550010000158871109940390|27042011|27042011|314,77|1|||314,77|1||||0|0||||2,05|9,44|||
|C190|060|5405||314,77|0|0|0|0|0|0||
|C100|1|0|11213|55|00|1|000015888|23110407324443000187550010000158881511371741|28042011|28042011|1233,74|1|||1233,74|1||||0|0||||8,02|37,01|||
|C190|060|5405||1233,74|0|0|0|0|0|0||
|C100|1|0|11213|55|00|1|000015889|23110407324443000187550010000158891107101107|28042011|28042011|116,12|1|||116,12|1||||0|0||||0,75|3,48|||
|C190|060|5405||116,12|0|0|0|0|0|0||
|C100|1|0|13582|55|00|1|000015890|23110407324443000187550010000158901815521490|28042011|28042011|1106,30|1|||1106,30|1||||0|0||||7,19|33,19|||
|C190|060|5405||1106,30|0|0|0|0|0|0||
|C100|1|0|13582|55|00|1|000015891|23110407324443000187550010000158911320621021|28042011|28042011|950,10|1|||950,10|1||||0|0||||6,18|28,50|||
|C190|060|5405||950,10|0|0|0|0|0|0||
|C100|1|0|4668|55|00|1|000015892|23110407324443000187550010000158921970358039|28042011|28042011|462,13|1|||462,13|1||||0|0||||3,00|13,86|||
|C190|060|5405||462,13|0|0|0|0|0|0||
|C100|1|0|17956|55|00|1|000015893|23110407324443000187550010000158931101032165|28042011|28042011|607,39|1|||607,39|1||||0|0||||3,95|18,22|||
|C190|060|5405||607,39|0|0|0|0|0|0||
|C100|1|0|17956|55|00|1|000015894|23110407324443000187550010000158941102618470|28042011|28042011|649,62|1|||649,62|1||||0|0||||4,22|19,49|||
|C190|060|5405||649,62|0|0|0|0|0|0||
|C100|1|0|17956|55|00|1|000015895|23110407324443000187550010000158951559042556|28042011|28042011|1686,77|1|||1686,77|1||||0|0||||10,96|50,60|||
|C190|060|5405||1686,77|0|0|0|0|0|0||
|C100|1|0|17956|55|00|1|000015896|23110407324443000187550010000158961101001008|28042011|28042011|48,12|1|||48,12|1||||0|0||||0,31|1,44|||
|C190|060|5405||48,12|0|0|0|0|0|0||
|C100|1|0|4815|55|00|1|000015897|23110407324443000187550010000158971109771063|28042011|28042011|872,90|1|||872,90|1||||0|0||||5,67|26,19|||
|C190|060|5405||872,90|0|0|0|0|0|0||
|C100|1|0|17987|55|00|1|000015898|23110407324443000187550010000158981204106389|28042011|28042011|139,00|1|||139,00|1||||0|0||||0,90|4,17|||
|C190|060|5405||139,00|0|0|0|0|0|0||
|C100|1|0|17956|55|00|1|000015899|23110407324443000187550010000158991977110580|28042011|28042011|70,00|1|||70,00|1||||0|0||||0,46|2,10|||
|C190|060|5405||70,00|0|0|0|0|0|0||
|C100|1|0|4388|55|00|1|000015900|23110407324443000187550010000159001697510956|28042011|28042011|330,22|1|||330,22|1||||0|0||||2,15|9,91|||
|C190|060|5405||330,22|0|0|0|0|0|0||
|C100|1|0|10465|55|00|1|000015901|23110407324443000187550010000159011108196736|28042011|28042011|213,03|1|||213,03|1||||0|0||||1,38|6,39|||
|C190|060|5405||213,03|0|0|0|0|0|0||
|C100|1|0|17284|55|00|1|000015902|23110407324443000187550010000159021504825164|28042011|28042011|762,60|1|||762,60|1||||0|0||||4,96|22,88|||
|C190|060|5405||762,60|0|0|0|0|0|0||
|C100|1|0|4853|55|00|1|000015903|23110407324443000187550010000159031041043814|28042011|28042011|226,58|1|||226,58|1||||0|0||||1,47|6,80|||
|C190|060|5405||226,58|0|0|0|0|0|0||
|C100|1|0|4339|55|00|1|000015904|23110407324443000187550010000159041310106515|28042011|28042011|963,35|1|||963,35|1||||0|0||||6,26|28,90|||
|C190|060|5403||151,59|0|0|0|0|0|0||
|C190|060|5405||811,76|0|0|0|0|0|0||
|C100|1|0|4339|55|00|1|000015905|23110407324443000187550010000159051951018104|28042011|28042011|180,73|1|||180,73|1||||0|0||||1,17|5,42|||
|C190|060|5405||180,73|0|0|0|0|0|0||
|C100|1|0|3705|55|00|1|000015906|23110407324443000187550010000159061715488450|28042011|28042011|1719,88|1|||1719,88|1||||0|0||||11,18|51,60|||
|C190|060|5405||1719,88|0|0|0|0|0|0||
|C100|1|0|3705|55|00|1|000015907|23110407324443000187550010000159071248346220|28042011|28042011|959,34|1|||959,34|1||||0|0||||6,24|28,78|||
|C190|060|5405||959,34|0|0|0|0|0|0||
|C100|1|0|3705|55|00|1|000015908|23110407324443000187550010000159081661056919|28042011|28042011|636,40|1|||636,40|1||||0|0||||4,14|19,09|||
|C190|060|5405||636,40|0|0|0|0|0|0||
|C100|1|0|4281|55|00|1|000015909|23110407324443000187550010000159091810317295|28042011|28042011|2096,26|1|||2096,26|1||||0|0||||13,63|62,89|||
|C190|060|5405||2096,26|0|0|0|0|0|0||
|C100|1|0|4281|55|00|1|000015910|23110407324443000187550010000159101074464848|28042011|28042011|231,00|1|||231,00|1||||0|0||||1,50|6,93|||
|C190|060|5405||231,00|0|0|0|0|0|0||
|C100|1|0|4281|55|00|1|000015911|23110407324443000187550010000159111310732267|28042011|28042011|137,90|1|||137,90|1||||0|0||||0,90|4,14|||
|C190|060|5405||137,90|0|0|0|0|0|0||
|C100|1|0|11218|55|00|1|000015912|23110407324443000187550010000159121710931590|28042011|28042011|1368,98|1|||1368,98|1||||0|0||||8,90|41,07|||
|C190|060|5405||1368,98|0|0|0|0|0|0||
|C100|1|0|1927|55|00|1|000015913|23110407324443000187550010000159131752159265|28042011|28042011|1217,31|1|||1217,31|1||||0|0||||7,91|36,52|||
|C190|060|5405||1217,31|0|0|0|0|0|0||
|C100|1|0|1927|55|00|1|000015914|23110407324443000187550010000159141285017034|28042011|28042011|1130,17|1|||1130,17|1||||0|0||||7,35|33,91|||
|C190|060|5405||1130,17|0|0|0|0|0|0||
|C100|1|0|1927|55|00|1|000015915|23110407324443000187550010000159151320108590|28042011|28042011|1279,10|1|||1279,10|1||||0|0||||8,31|38,37|||
|C190|060|5403||285,61|0|0|0|0|0|0||
|C190|060|5405||993,49|0|0|0|0|0|0||
|C100|1|0|1927|55|00|1|000015916|23110407324443000187550010000159161330943782|28042011|28042011|21,45|1|||21,45|1||||0|0||||0,14|0,64|||
|C190|060|5405||21,45|0|0|0|0|0|0||
|C100|1|0|800010400|55|00|1|000015917|23110407324443000187550010000159171963801551|28042011|28042011|1716,21|1|||1716,21|1||||0|0||||11,16|51,49|||
|C190|060|6403||1716,21|0|0|0|0|0|0||
|C100|1|0|800010400|55|00|1|000015918|23110407324443000187550010000159181729791038|28042011|28042011|278,00|1|||278,00|1||||0|0||||1,81|8,34|||
|C190|060|6403||278,00|0|0|0|0|0|0||
|C100|1|0|4305|55|00|1|000015919|23110407324443000187550010000159191791472010|28042011|28042011|923,86|1|||923,86|1||||0|0||||6,01|27,72|||
|C190|060|5405||923,86|0|0|0|0|0|0||
|C100|1|0|3821|55|00|1|000015920|23110407324443000187550010000159201610091010|28042011|28042011|261,32|1|||261,32|1||||0|0||||1,70|7,84|||
|C190|060|5405||261,32|0|0|0|0|0|0||
|C100|1|0|4231|55|00|1|000015921|23110407324443000187550010000159211212898949|28042011|28042011|547,46|1|||547,46|1||||0|0||||3,56|16,42|||
|C190|060|5405||547,46|0|0|0|0|0|0||
|C100|1|0|2743|55|00|1|000015922|23110407324443000187550010000159221845756718|28042011|28042011|450,68|1|||450,68|1||||0|0||||2,93|13,52|||
|C190|060|5405||450,68|0|0|0|0|0|0||
|C100|1|0|2743|55|00|1|000015923|23110407324443000187550010000159231378614597|28042011|28042011|137,35|1|||137,35|1||||0|0||||0,89|4,12|||
|C190|060|5405||137,35|0|0|0|0|0|0||
|C100|1|0|2743|55|00|1|000015924|23110407324443000187550010000159241910058239|28042011|28042011|415,14|1|||415,14|1||||0|0||||2,70|12,45|||
|C190|060|5405||415,14|0|0|0|0|0|0||
|C100|1|0|5072|55|00|1|000015926|23110407324443000187550010000159261103421919|28042011|28042011|703,13|1|||703,13|1||||0|0||||4,57|21,09|||
|C190|060|6403||703,13|0|0|0|0|0|0||
|C100|1|0|800010132|55|00|1|000015927|23110407324443000187550010000159271589277883|28042011|28042011|1062,43|1|||1062,43|1||||0|0||||6,91|31,87|||
|C190|060|5405||1062,43|0|0|0|0|0|0||
|C100|1|0|800010132|55|00|1|000015928|23110407324443000187550010000159281001135652|28042011|28042011|161,75|1|||161,75|1||||0|0||||1,05|4,85|||
|C190|060|5405||161,75|0|0|0|0|0|0||
|C100|1|0|800010132|55|00|1|000015929|23110407324443000187550010000159291299910340|28042011|28042011|335,80|1|||335,80|1||||0|0||||2,18|10,07|||
|C190|060|5405||335,80|0|0|0|0|0|0||
|C100|1|0|10512|55|00|1|000015930|23110407324443000187550010000159301941105414|28042011|28042011|820,70|1|||820,70|1||||0|0||||5,33|24,62|||
|C190|060|5405||820,70|0|0|0|0|0|0||
|C100|1|0|3034|55|00|1|000015931|23110407324443000187550010000159311938253170|28042011|28042011|2514,58|1|||2514,58|1||||0|0||||16,34|75,44|||
|C190|060|5405||2514,58|0|0|0|0|0|0||
|C100|1|0|17701|55|00|1|000015932|23110407324443000187550010000159321941104102|28042011|28042011|635,53|1|||635,53|1||||0|0||||4,13|19,07|||
|C190|060|5403||100,00|0|0|0|0|0|0||
|C190|060|5405||535,53|0|0|0|0|0|0||
|C100|1|0|17701|55|00|1|000015933|23110407324443000187550010000159331437801080|28042011|28042011|615,00|1|||615,00|1||||0|0||||4,00|18,45|||
|C190|060|5403||57,92|0|0|0|0|0|0||
|C190|060|5405||557,08|0|0|0|0|0|0||
|C100|1|0|11815|55|00|1|000015934|23110407324443000187550010000159341425104867|28042011|28042011|329,82|1|||329,82|1||||0|0||||2,14|9,89|||
|C190|060|5405||329,82|0|0|0|0|0|0||
|C100|1|0|3747|55|00|1|000015935|23110407324443000187550010000159351049906467|28042011|28042011|1914,00|1|||1914,00|1||||0|0||||12,44|57,42|||
|C190|060|5405||1914,00|0|0|0|0|0|0||
|C100|1|0|17988|55|00|1|000015936|23110407324443000187550010000159361671874236|28042011|28042011|1174,52|1|||1174,52|1||||0|0||||7,63|35,24|||
|C190|060|5405||1174,52|0|0|0|0|0|0||
|C100|1|0|17988|55|00|1|000015937|23110407324443000187550010000159371410473200|28042011|28042011|519,75|1|||519,75|1||||0|0||||3,38|15,59|||
|C190|060|5405||519,75|0|0|0|0|0|0||
|C100|1|0|3725|55|00|1|000015938|23110407324443000187550010000159381626310854|28042011|28042011|255,20|1|||255,20|1||||0|0||||1,66|7,66|||
|C190|060|5405||255,20|0|0|0|0|0|0||
|C100|1|0|5040|55|00|1|000015939|23110407324443000187550010000159391881056973|28042011|28042011|389,72|1|||389,72|1||||0|0||||2,53|11,69|||
|C190|060|5403||170,76|0|0|0|0|0|0||
|C190|060|5405||218,96|0|0|0|0|0|0||
|C100|1|0|3743|55|00|1|000015940|23110407324443000187550010000159401592694378|28042011|28042011|2555,90|1|||2555,90|1||||0|0||||16,61|76,68|||
|C190|060|5405||2555,90|0|0|0|0|0|0||
|C100|1|0|10542|55|00|1|000015941|23110407324443000187550010000159411107152161|28042011|28042011|1435,50|1|||1435,50|1||||0|0||||9,33|43,07|||
|C190|060|5405||1435,50|0|0|0|0|0|0||
|C100|1|0|4693|55|00|1|000015942|23110407324443000187550010000159421086687271|29042011|29042011|1675,86|1|||1675,86|1||||0|0||||10,89|50,28|||
|C190|060|5405||1675,86|0|0|0|0|0|0||
|C100|1|0|11213|55|00|1|000015943|23110407324443000187550010000159431609545040|29042011|29042011|3041,16|1|||3041,16|1||||0|0||||19,77|91,23|||
|C190|060|5405||3041,16|0|0|0|0|0|0||
|C100|1|0|11213|55|00|1|000015944|23110407324443000187550010000159441131403910|29042011|29042011|335,80|1|||335,80|1||||0|0||||2,18|10,07|||
|C190|060|5405||335,80|0|0|0|0|0|0||
|C100|1|0|11213|55|00|1|000015945|23110407324443000187550010000159451764371799|29042011|29042011|1390,00|1|||1390,00|1||||0|0||||9,04|41,70|||
|C190|060|5405||1390,00|0|0|0|0|0|0||
|C100|1|0|3713|55|00|1|000015946|23110407324443000187550010000159461896311057|29042011|29042011|805,92|1|||805,92|1||||0|0||||5,24|24,18|||
|C190|060|5405||805,92|0|0|0|0|0|0||
|C100|1|0|4155|55|00|1|000015947|23110407324443000187550010000159471990210835|29042011|29042011|680,67|1|||680,67|1||||0|0||||4,42|20,42|||
|C190|060|5405||680,67|0|0|0|0|0|0||
|C100|1|0|3700|55|00|1|000015948|23110407324443000187550010000159481342066106|29042011|29042011|508,62|1|||508,62|1||||0|0||||3,31|15,26|||
|C190|060|5405||508,62|0|0|0|0|0|0||
|C100|1|0|17284|55|00|1|000015949|23110407324443000187550010000159491710100710|29042011|29042011|176,78|1|||176,78|1||||0|0||||1,15|5,30|||
|C190|060|5405||176,78|0|0|0|0|0|0||
|C100|1|0|17707|55|00|1|000015950|23110407324443000187550010000159501646216955|29042011|29042011|1583,89|1|||1583,89|1||||0|0||||10,30|47,52|||
|C190|060|5405||1583,89|0|0|0|0|0|0||
|C100|1|0|17707|55|00|1|000015951|23110407324443000187550010000159511179184724|29042011|29042011|1251,56|1|||1251,56|1||||0|0||||8,14|37,55|||
|C190|060|5405||1251,56|0|0|0|0|0|0||
|C100|1|0|17707|55|00|1|000015952|23110407324443000187550010000159521610194883|29042011|29042011|550,20|1|||550,20|1||||0|0||||3,58|16,51|||
|C190|060|5405||550,20|0|0|0|0|0|0||
|C100|1|0|3770|55|00|1|000015953|23110407324443000187550010000159531157780159|29042011|29042011|192,80|1|||192,80|1||||0|0||||1,25|5,78|||
|C190|060|5405||192,80|0|0|0|0|0|0||
|C100|1|0|3799|55|00|1|000015954|23110407324443000187550010000159541857979141|29042011|29042011|76,93|1|||76,93|1||||0|0||||0,50|2,31|||
|C190|060|5405||76,93|0|0|0|0|0|0||
|C100|1|0|4952|55|00|1|000015955|23110407324443000187550010000159551531010951|29042011|29042011|489,40|1|||489,40|1||||0|0||||3,18|14,68|||
|C190|060|5405||489,40|0|0|0|0|0|0||
|C100|1|0|3720|55|00|1|000015956|23110407324443000187550010000159561791410582|29042011|29042011|687,20|1|||687,20|1||||0|0||||4,47|20,62|||
|C190|060|5405||687,20|0|0|0|0|0|0||
|C100|1|0|13242|55|00|1|000015957|23110407324443000187550010000159571435663669|29042011|29042011|858,34|1|||858,34|1||||0|0||||5,58|25,75|||
|C190|060|5405||858,34|0|0|0|0|0|0||
|C100|1|0|13242|55|00|1|000015958|23110407324443000187550010000159581106852140|29042011|29042011|377,53|1|||377,53|1||||0|0||||2,45|11,33|||
|C190|060|5405||377,53|0|0|0|0|0|0||
|C100|1|0|17989|55|00|1|000015959|23110407324443000187550010000159591145921023|29042011|29042011|766,62|1|||766,62|1||||0|0||||4,98|23,00|||
|C190|060|5405||766,62|0|0|0|0|0|0||
|C100|1|0|17989|55|00|1|000015960|23110407324443000187550010000159601261781187|29042011|29042011|864,78|1|||864,78|1||||0|0||||5,62|25,94|||
|C190|060|5405||864,78|0|0|0|0|0|0||
|C100|1|0|10289|55|00|1|000015961|23110407324443000187550010000159611673980109|29042011|29042011|1801,78|1|||1801,78|1||||0|0||||11,71|54,05|||
|C190|060|5405||1801,78|0|0|0|0|0|0||
|C100|1|0|10289|55|00|1|000015962|23110407324443000187550010000159621317508825|29042011|29042011|746,72|1|||746,72|1||||0|0||||4,85|22,40|||
|C190|060|5405||746,72|0|0|0|0|0|0||
|C100|1|0|10289|55|00|1|000015963|23110407324443000187550010000159631184723108|29042011|29042011|556,00|1|||556,00|1||||0|0||||3,61|16,68|||
|C190|060|5405||556,00|0|0|0|0|0|0||
|C100|1|0|10289|55|00|1|000015964|23110407324443000187550010000159641472334473|29042011|29042011|256,20|1|||256,20|1||||0|0||||1,67|7,69|||
|C190|060|5405||256,20|0|0|0|0|0|0||
|C100|1|0|4215|55|00|1|000015965|23110407324443000187550010000159651592610220|29042011|29042011|814,23|1|||814,23|1||||0|0||||5,29|24,43|||
|C190|060|5405||814,23|0|0|0|0|0|0||
|C100|1|0|4215|55|00|1|000015966|23110407324443000187550010000159661106101996|29042011|29042011|144,32|1|||144,32|1||||0|0||||0,94|4,33|||
|C190|060|5405||144,32|0|0|0|0|0|0||
|C100|1|0|4215|55|00|1|000015967|23110407324443000187550010000159671050029990|29042011|29042011|134,32|1|||134,32|1||||0|0||||0,87|4,03|||
|C190|060|5405||134,32|0|0|0|0|0|0||
|C100|1|0|800010361|55|00|1|000015968|23110407324443000187550010000159681027109778|29042011|29042011|904,88|1|||904,88|1||||0|0||||5,88|27,15|||
|C190|060|5405||904,88|0|0|0|0|0|0||
|C100|1|0|12184|55|00|1|000015969|23110407324443000187550010000159691106955539|29042011|29042011|964,13|1|||964,13|1||||0|0||||6,27|28,92|||
|C190|060|5405||964,13|0|0|0|0|0|0||
|C100|1|0|12184|55|00|1|000015970|23110407324443000187550010000159701987147409|29042011|29042011|197,22|1|||197,22|1||||0|0||||1,28|5,92|||
|C190|060|5405||197,22|0|0|0|0|0|0||
|C100|1|0|3723|55|00|1|000015971|23110407324443000187550010000159711691000524|29042011|29042011|1605,66|1|||1605,66|1||||0|0||||10,44|48,17|||
|C190|060|5405||1605,66|0|0|0|0|0|0||
|C100|1|0||55|02|1|000015972|23110407324443000187550010000159721624107301|||||||||||||||||||||
|C100|1|0||55|02|1|000015973|23110407324443000187550010000159731565931926|||||||||||||||||||||
|C100|1|0|3798|55|00|1|000015974|23110407324443000187550010000159741251680111|29042011|29042011|2219,31|1|||2219,31|1||||0|0||||14,43|66,58|||
|C190|060|5405||2219,31|0|0|0|0|0|0||
|C100|1|0|3798|55|00|1|000015975|23110407324443000187550010000159751610768574|29042011|29042011|231,74|1|||231,74|1||||0|0||||1,51|6,95|||
|C190|060|5405||231,74|0|0|0|0|0|0||
|C100|1|0||55|02|1|000015976|23110407324443000187550010000159761143626343|||||||||||||||||||||
|C100|1|0|12004|55|00|1|000015977|23110407324443000187550010000159771776594112|29042011|29042011|806,98|1|||806,98|1||||0|0||||5,25|24,21|||
|C190|060|5405||806,98|0|0|0|0|0|0||
|C100|1|0|11821|55|00|1|000015978|23110407324443000187550010000159781580876104|29042011|29042011|709,26|1|||709,26|1||||0|0||||4,61|21,28|||
|C190|060|5405||709,26|0|0|0|0|0|0||
|C100|1|0|11821|55|00|1|000015979|23110407324443000187550010000159791486963810|29042011|29042011|342,13|1|||342,13|1||||0|0||||2,22|10,26|||
|C190|060|5405||342,13|0|0|0|0|0|0||
|C100|1|0|3707|55|00|1|000015980|23110407324443000187550010000159801110260270|29042011|29042011|1861,92|1|||1861,92|1||||0|0||||12,10|55,86|||
|C190|060|5405||1861,92|0|0|0|0|0|0||
|C100|1|0|3707|55|00|1|000015981|23110407324443000187550010000159811241312319|29042011|29042011|361,20|1|||361,20|1||||0|0||||2,35|10,84|||
|C190|060|5405||361,20|0|0|0|0|0|0||
|C100|1|0|11821|55|00|1|000015982|23110407324443000187550010000159821658439389|29042011|29042011|889,74|1|||889,74|1||||0|0||||5,78|26,69|||
|C190|060|5405||889,74|0|0|0|0|0|0||
|C100|1|0|3709|55|00|1|000015983|23110407324443000187550010000159831216101070|29042011|29042011|952,71|1|||952,71|1||||0|0||||6,19|28,58|||
|C190|060|5405||952,71|0|0|0|0|0|0||
|C100|1|0|5005|55|00|1|000015984|23110407324443000187550010000159841498761100|29042011|29042011|103,48|1|||103,48|1||||0|0||||0,67|3,10|||
|C190|060|5405||103,48|0|0|0|0|0|0||
|C100|1|0|13756|55|00|1|000015985|23110407324443000187550010000159851100108102|29042011|29042011|1068,00|1|||1068,00|1||||0|0||||6,94|32,04|||
|C190|060|5405||1068,00|0|0|0|0|0|0||
|C100|1|0|17883|55|00|1|000015986|23110407324443000187550010000159861869091675|29042011|29042011|3110,25|1|||3110,25|1||||0|0||||20,22|93,31|||
|C190|060|5405||3110,25|0|0|0|0|0|0||
|C100|1|0|13544|55|00|1|000015987|23110407324443000187550010000159871202551042|29042011|29042011|1295,30|1|||1295,30|1||||0|0||||8,42|38,86|||
|C190|060|5405||1295,30|0|0|0|0|0|0||
|C100|1|0|10272|55|00|1|000015988|23110407324443000187550010000159881914918213|29042011|29042011|1068,31|1|||1068,31|1||||0|0||||6,94|32,05|||
|C190|060|5405||1068,31|0|0|0|0|0|0||
|C100|1|0|10948|55|00|1|000015989|23110407324443000187550010000159891447886092|29042011|29042011|863,65|1|||863,65|1||||0|0||||5,61|25,91|||
|C190|060|5405||863,65|0|0|0|0|0|0||
|C100|1|0|4201|55|00|1|000015990|23110407324443000187550010000159901110565719|29042011|29042011|41,70|1|||41,70|1||||0|0||||0,27|1,25|||
|C190|060|5405||41,70|0|0|0|0|0|0||
|C100|1|0|4201|55|00|1|000015991|23110407324443000187550010000159911729103689|29042011|29042011|898,49|1|||898,49|1||||0|0||||5,84|26,95|||
|C190|060|5405||898,49|0|0|0|0|0|0||
|C100|1|0|16906|55|00|1|000015992|23110407324443000187550010000159921109511044|29042011|29042011|628,12|1|||628,12|1||||0|0||||4,08|18,84|||
|C190|060|5405||628,12|0|0|0|0|0|0||
|C100|1|0|16906|55|00|1|000015993|23110407324443000187550010000159931710686241|29042011|29042011|116,47|1|||116,47|1||||0|0||||0,76|3,49|||
|C190|060|5405||116,47|0|0|0|0|0|0||
|C100|1|0|16906|55|00|1|000015994|23110407324443000187550010000159941705046482|29042011|29042011|233,54|1|||233,54|1||||0|0||||1,52|7,01|||
|C190|060|5405||233,54|0|0|0|0|0|0||
|C100|1|0|4897|55|00|1|000015995|23110407324443000187550010000159951951699028|29042011|29042011|187,36|1|||187,36|1||||0|0||||1,22|5,62|||
|C190|060|5405||187,36|0|0|0|0|0|0||
|C100|1|0|4786|55|00|1|000015996|23110407324443000187550010000159961401313515|29042011|29042011|535,02|1|||535,02|1||||0|0||||3,48|16,05|||
|C190|060|5405||535,02|0|0|0|0|0|0||
|C100|1|0|4786|55|00|1|000015997|23110407324443000187550010000159971100741574|29042011|29042011|872,29|1|||872,29|1||||0|0||||5,67|26,17|||
|C190|060|5405||872,29|0|0|0|0|0|0||
|C100|1|0|3799|55|00|1|000015998|23110407324443000187550010000159981541038350|29042011|29042011|211,06|1|||211,06|1||||0|0||||1,37|6,33|||
|C190|060|5405||211,06|0|0|0|0|0|0||
|C100|1|0||55|02|1|000015999|23110407324443000187550010000159991062241314|||||||||||||||||||||
|C100|1|0|11815|55|00|1|000016000|23110407324443000187550010000160001911055733|29042011|29042011|95,16|1|||95,16|1||||0|0||||0,62|2,85|||
|C190|060|5405||95,16|0|0|0|0|0|0||
|C100|1|0|4956|55|00|1|000016001|23110407324443000187550010000160011702415157|29042011|29042011|209,26|1|||209,26|1||||0|0||||1,36|6,28|||
|C190|060|5405||209,26|0|0|0|0|0|0||
|C100|1|0|5053|55|00|1|000016002|23110407324443000187550010000160021313047600|29042011|29042011|225,95|1|||225,95|1||||0|0||||1,47|6,78|||
|C190|060|5405||225,95|0|0|0|0|0|0||
|C100|1|0|11623|55|00|1|000016003|23110407324443000187550010000160031934109114|29042011|29042011|151,80|1|||151,80|1||||0|0||||0,99|4,55|||
|C190|060|5405||151,80|0|0|0|0|0|0||
|C100|1|0|13756|55|00|1|000016004|23110407324443000187550010000160041431661060|29042011|29042011|2145,68|1|||2145,68|1||||0|0||||13,95|64,37|||
|C190|060|5405||2145,68|0|0|0|0|0|0||
|C100|1|0|13756|55|00|1|000016005|23110407324443000187550010000160051913078443|29042011|29042011|3175,03|1|||3175,03|1||||0|0||||20,64|95,25|||
|C190|060|5405||3175,03|0|0|0|0|0|0||
|C100|1|0|13756|55|00|1|000016006|23110407324443000187550010000160061418103622|29042011|29042011|3143,91|1|||3143,91|1||||0|0||||20,44|94,32|||
|C190|060|5405||3143,91|0|0|0|0|0|0||
|C100|1|0|13756|55|00|1|000016007|23110407324443000187550010000160071865710402|29042011|29042011|418,85|1|||418,85|1||||0|0||||2,72|12,57|||
|C190|060|5405||418,85|0|0|0|0|0|0||
|C100|1|0|13756|55|00|1|000016008|23110407324443000187550010000160081010186291|29042011|29042011|4219,25|1|||4219,25|1||||0|0||||27,43|126,59|||
|C190|060|5405||4219,25|0|0|0|0|0|0||
|C100|1|0|13756|55|00|1|000016009|23110407324443000187550010000160091024720730|29042011|29042011|812,84|1|||812,84|1||||0|0||||5,28|24,39|||
|C190|060|5405||812,84|0|0|0|0|0|0||
|C100|1|0|16914|55|00|1|000016010|23110407324443000187550010000160101101510120|29042011|29042011|3412,80|1|||3412,80|1||||0|0||||22,18|102,38|||
|C190|060|5405||3412,80|0|0|0|0|0|0||
|C100|1|0|16914|55|00|1|000016011|23110407324443000187550010000160111328980489|29042011|29042011|3030,50|1|||3030,50|1||||0|0||||19,70|90,92|||
|C190|060|5405||3030,50|0|0|0|0|0|0||
|C100|1|0|4594|55|00|1|000016012|23110407324443000187550010000160121950849258|29042011|29042011|1361,67|1|||1361,67|1||||0|0||||8,85|40,85|||
|C190|060|5403||1361,67|0|0|0|0|0|0||
|C100|1|0|17867|55|00|1|000016013|23110407324443000187550010000160131483707027|29042011|29042011|440,83|1|||440,83|1||||0|0||||2,87|13,22|||
|C190|060|5405||440,83|0|0|0|0|0|0||
|C100|1|0|17867|55|00|1|000016014|23110407324443000187550010000160141106452534|29042011|29042011|148,50|1|||148,50|1||||0|0||||0,97|4,46|||
|C190|060|5405||148,50|0|0|0|0|0|0||
|C100|1|0|17867|55|00|1|000016015|23110407324443000187550010000160151108813345|29042011|29042011|246,65|1|||246,65|1||||0|0||||1,60|7,40|||
|C190|060|5405||246,65|0|0|0|0|0|0||
|C100|1|0|16921|55|00|1|000016017|23110407324443000187550010000160171890171036|29042011|29042011|1659,85|1|||1659,85|1||||0|0||||10,79|49,80|||
|C190|060|6403||1659,85|0|0|0|0|0|0||
|C100|1|0|4192|55|00|1|000016018|23110407324443000187550010000160181117228192|29042011|29042011|1013,63|1|||1013,63|1||||0|0||||6,59|30,41|||
|C190|060|5405||1013,63|0|0|0|0|0|0||
|C100|1|0|10382|55|00|1|000016019|23110407324443000187550010000160191747192100|29042011|29042011|1326,16|1|||1326,16|1||||0|0||||8,62|39,78|||
|C190|060|5405||1326,16|0|0|0|0|0|0||
|C100|1|0|10510|55|00|1|000016020|23110407324443000187550010000160201410488931|29042011|29042011|48,75|1|||48,75|1||||0|0||||0,32|1,46|||
|C190|060|5405||48,75|0|0|0|0|0|0||
|C100|1|0|10510|55|00|1|000016021|23110407324443000187550010000160211104334679|29042011|29042011|67,00|1|||67,00|1||||0|0||||0,44|2,01|||
|C190|060|5405||67,00|0|0|0|0|0|0||
|C100|1|0|10510|55|00|1|000016022|23110407324443000187550010000160221576204580|29042011|29042011|191,49|1|||191,49|1||||0|0||||1,24|5,74|||
|C190|060|5405||191,49|0|0|0|0|0|0||
|C100|1|0|3749|55|00|1|000016023|23110407324443000187550010000160231110917235|29042011|29042011|334,26|1|||334,26|1||||0|0||||2,17|10,03|||
|C190|060|5405||334,26|0|0|0|0|0|0||
|C100|1|0|3749|55|00|1|000016024|23110407324443000187550010000160241621030128|29042011|29042011|869,70|1|||869,70|1||||0|0||||5,65|26,09|||
|C190|060|5405||869,70|0|0|0|0|0|0||
|C100|1|0|3749|55|00|1|000016025|23110407324443000187550010000160251094941518|29042011|29042011|730,13|1|||730,13|1||||0|0||||4,75|21,90|||
|C190|060|5405||730,13|0|0|0|0|0|0||
|C100|1|0|3749|55|00|1|000016026|23110407324443000187550010000160261787967876|29042011|29042011|135,96|1|||135,96|1||||0|0||||0,88|4,08|||
|C190|060|5405||135,96|0|0|0|0|0|0||
|C100|1|0|17277|55|00|1|000016027|23110407324443000187550010000160271871082569|29042011|29042011|1241,11|1|||1241,11|1||||0|0||||8,07|37,23|||
|C190|060|5405||1241,11|0|0|0|0|0|0||
|C100|1|0|11062|55|00|1|000016028|23110407324443000187550010000160281107353101|29042011|29042011|1136,34|1|||1136,34|1||||0|0||||7,39|34,09|||
|C190|060|5405||1136,34|0|0|0|0|0|0||
|C100|1|0|4890|55|00|1|000016029|23110407324443000187550010000160291365651293|29042011|29042011|94,90|1|||94,90|1||||0|0||||0,62|2,85|||
|C190|060|5405||94,90|0|0|0|0|0|0||
|C100|1|0|13649|55|00|1|000016030|23110407324443000187550010000160301207316052|29042011|29042011|278,90|1|||278,90|1||||0|0||||1,81|8,37|||
|C190|060|5405||278,90|0|0|0|0|0|0||
|C100|1|0|13649|55|00|1|000016031|23110407324443000187550010000160311849107310|29042011|29042011|139,00|1|||139,00|1||||0|0||||0,90|4,17|||
|C190|060|5405||139,00|0|0|0|0|0|0||
|C100|1|0|13063|55|00|1|000016032|23110407324443000187550010000160321510929108|29042011|29042011|1338,62|1|||1338,62|1||||0|0||||8,70|40,16|||
|C190|060|5405||1338,62|0|0|0|0|0|0||
|C100|1|0|3741|55|00|1|000016033|23110407324443000187550010000160331714638680|29042011|29042011|121,71|1|||121,71|1||||0|0||||0,79|3,65|||
|C190|060|5405||121,71|0|0|0|0|0|0||
|C100|1|0|17703|55|00|1|000016034|23110407324443000187550010000160341268210644|29042011|29042011|1586,93|1|||1586,93|1||||0|0||||10,32|47,61|||
|C190|060|5405||1586,93|0|0|0|0|0|0||
|C100|1|0|1513|55|00|1|000016035|23110407324443000187550010000160351101010460|29042011|29042011|1196,25|1|||1196,25|1||||0|0||||7,78|35,89|||
|C190|060|5405||1196,25|0|0|0|0|0|0||
|C100|1|0|1513|55|00|1|000016036|23110407324443000187550010000160361114268710|29042011|29042011|1394,95|1|||1394,95|1||||0|0||||9,07|41,85|||
|C190|060|5405||1394,95|0|0|0|0|0|0||
|C100|1|0|1536|55|00|1|000016037|23110407324443000187550010000160371925290977|29042011|29042011|595,56|1|||595,56|1||||0|0||||3,87|17,87|||
|C190|060|5405||595,56|0|0|0|0|0|0||
|C100|1|0|1536|55|00|1|000016038|23110407324443000187550010000160381458159746|29042011|29042011|524,10|1|||524,10|1||||0|0||||3,41|15,72|||
|C190|060|5405||524,10|0|0|0|0|0|0||
|C100|1|0|1536|55|00|1|000016039|23110407324443000187550010000160391108001750|29042011|29042011|1443,69|1|||1443,69|1||||0|0||||9,38|43,31|||
|C190|060|5405||1443,69|0|0|0|0|0|0||
|C100|1|0|1536|55|00|1|000016040|23110407324443000187550010000160401751309495|29042011|29042011|219,67|1|||219,67|1||||0|0||||1,43|6,59|||
|C190|060|5405||219,67|0|0|0|0|0|0||
|C100|1|0|1513|55|00|1|000016041|23110407324443000187550010000160411284277264|29042011|29042011|1856,05|1|||1856,05|1||||0|0||||12,06|55,68|||
|C190|060|5405||1856,05|0|0|0|0|0|0||
|C100|1|0|12898|55|00|1|000016042|23110407324443000187550010000160421807135033|29042011|29042011|798,71|1|||798,71|1||||0|0||||5,19|23,96|||
|C190|060|5403||111,16|0|0|0|0|0|0||
|C190|060|5405||687,55|0|0|0|0|0|0||
|C100|1|0|12898|55|00|1|000016043|23110407324443000187550010000160431971402933|29042011|29042011|2094,95|1|||2094,95|1||||0|0||||13,62|62,85|||
|C190|060|5405||2094,95|0|0|0|0|0|0||
|C100|0|1|2607|01|00|1|0992602||13042011|13042011|7,00|0|||7,00|9||||0|0||||||||
|C170|1|0001000000XXX||2,00000|UN|7,00||0|030|1556|||||0||0||||||||||||||||||||
|C190|030|1556||7,00|0|0|0|0|0|0||
|C100|0|1|2607|01|00|1|0993681||20042011|20042011|14,00|0|||14,00|9||||0|0||||||||
|C170|1|0001000000XXX||4,00000|UN|14,00||0|030|1556|||||0||0||||||||||||||||||||
|C190|030|1556||14,00|0|0|0|0|0|0||
|C100|0|1|2607|01|00|1|0993689||25042011|25042011|14,00|0|||14,00|9||||0|0||||||||
|C170|1|0001000000XXX||4,00000|UN|14,00||0|030|1556|||||0||0||||||||||||||||||||
|C190|030|1556||14,00|0|0|0|0|0|0||
|C100|0|1|2607|01|00|1|0994043||27042011|27042011|10,50|0|||10,50|9||||0|0||||||||
|C170|1|0001000000XXX||3,00000|UN|10,50||0|030|1556|||||0||0||||||||||||||||||||
|C190|030|1556||10,50|0|0|0|0|0|0||
|C100|0|1|2607|01|00|1|0994016||29042011|29042011|10,50|0|||10,50|9||||0|0||||||||
|C170|1|0001000000XXX||3,00000|UN|10,50||0|030|1556|||||0||0||||||||||||||||||||
|C190|030|1556||10,50|0|0|0|0|0|0||
|C100|0|1|2607|01|00|1|0993464||18042011|18042011|24,50|0|||24,50|9||||0|0||||||||
|C170|1|0001000000XXX||7,00000|UN|24,50||0|030|1556|||||0||0||||||||||||||||||||
|C190|030|1556||24,50|0|0|0|0|0|0||
|C100|0|1|2607|01|00|1|0990445||08042011|08042011|21,00|0|||21,00|9||||0|0||||||||
|C170|1|0001000000XXX||6,00000|UN|21,00||0|030|1556|||||0||0||||||||||||||||||||
|C190|030|1556||21,00|0|0|0|0|0|0||
|C100|0|1|2607|01|00|1|0990395||11042011|11042011|10,50|0|||10,50|9||||0|0||||||||
|C170|1|0001000000XXX||3,00000|UN|10,50||0|030|1556|||||0||0||||||||||||||||||||
|C190|030|1556||10,50|0|0|0|0|0|0||
|C100|0|1|2607|01|00|1|0989325||04042011|04042011|24,50|0|||24,50|9||||0|0||||||||
|C170|1|0001000000XXX||7,00000|UN|24,50||0|030|1556|||||0||0||||||||||||||||||||
|C190|030|1556||24,50|0|0|0|0|0|0||
|C100|0|1|2607|01|00|1|0989284||06042011|06042011|17,50|0|||17,50|9||||0|0||||||||
|C170|1|0001000000XXX||5,00000|UN|17,50||0|030|1556|||||0||0||||||||||||||||||||
|C190|030|1556||17,50|0|0|0|0|0|0||
|C100|0|1|3687|55|00|5|000103349|35110452541760000100550050001033491354909201|15042011|26042011|7628,11|1|||5635,00|9||||0|0||||||||
|C170|1|0000626180||100,00000|PC|352,00||0|030|2403|||||0||0||||||||||||||||||||
|C170|2|0000626265||300,00000|PC|2115,00||0|030|2403|||||0||0||||||||||||||||||||
|C170|3|0000626245||100,00000|PC|1050,00||0|030|2403|||||0||0||||||||||||||||||||
|C170|4|0000626120||600,00000|PC|2118,00||0|030|2403|||||0||0||||||||||||||||||||
|C190|030|2403||7628,11|0|0|0|0|0|0||
|C100|0|1|11099|55|00|8|000075067|35110457576274000140550080000750671011309448|19042011|25042011|10488,59|1|||8528,00|9||||0|0||||||||
|C170|1|0000471445||50,00000|PC|1109,50||0|030|2403|||||0||0||||||||||||||||||||
|C170|2|0000624015||200,00000|PC|1128,00||0|030|2403|||||0||0||||||||||||||||||||
|C170|3|0000252020||50,00000|PC|4164,50||0|030|2403|||||0||0||||||||||||||||||||
|C170|4|0000624010||100,00000|PC|693,00||0|030|2403|||||0||0||||||||||||||||||||
|C170|5|0000624020||200,00000|PC|982,00||0|030|2403|||||0||0||||||||||||||||||||
|C170|6|0000624005||100,00000|PC|451,00||0|030|2403|||||0||0||||||||||||||||||||
|C190|030|2403||10488,59|0|0|0|0|0|0||
|C100|0|1|4034|55|00|5|000009064|35110401174144000127550050000090641226172855|19042011|25042011|10916,60|1|||8876,00|9||||0|0||||||||
|C170|1|0000471425||100,00000|PC|2219,00||0|030|2403|||||0||0||||||||||||||||||||
|C170|2|0000471430||100,00000|PC|2219,00||0|030|2403|||||0||0||||||||||||||||||||
|C170|3|0000471435||100,00000|PC|2219,00||0|030|2403|||||0||0||||||||||||||||||||
|C170|4|0000471440||100,00000|PC|2219,00||0|030|2403|||||0||0||||||||||||||||||||
|C190|030|2403||10916,60|0|0|0|0|0|0||
|C100|0|1|3691|55|00|30|000057918|26110410918175000136550300000579181466224416|21042011|30042011|5692,22|1|||4366,20|9||||0|0||||||||
|C170|1|0000374015||1000,00000|PC|690,76||0|030|2403|||||0||0||||||||||||||||||||
|C170|2|0000374010||400,00000|PC|3675,44||0|030|2403|||||0||0||||||||||||||||||||
|C190|030|2403||5692,22|0|0|0|0|0|0||
|C100|0|1|3691|55|00|30|000057919|26110410918175000136550300000579191368695454|21042011|30042011|411,65|1|||315,76|9||||0|0||||||||
|C170|1|0000374025||600,00000|PC|315,76||0|030|2403|||||0||0||||||||||||||||||||
|C190|030|2403||411,65|0|0|0|0|0|0||
|C100|0|1|3990|55|00|1|000003750|33110397452841000171550010000037501001741661|25032011|02042011|5172,64|1|||4500,96|9||||0|0||||||||
|C170|1|0000245270||20,00000|PC|51,98||0|030|2403|||||0||0||||||||||||||||||||
|C170|2|0000245310||30,00000|PC|77,98||0|030|2403|||||0||0||||||||||||||||||||
|C170|3|0000245080||10,00000|PC|72,78||0|030|2403|||||0||0||||||||||||||||||||
|C170|4|0000245085||5,00000|PC|44,19||0|030|2403|||||0||0||||||||||||||||||||
|C170|5|0000245090||10,00000|PC|93,57||0|030|2403|||||0||0||||||||||||||||||||
|C170|6|0000245155||10,00000|PC|85,77||0|030|2403|||||0||0||||||||||||||||||||
|C170|7|0000245180||10,00000|PC|80,58||0|030|2403|||||0||0||||||||||||||||||||
|C170|8|0000245100||50,00000|PC|285,91||0|030|2403|||||0||0||||||||||||||||||||
|C170|9|0000245135||50,00000|PC|298,91||0|030|2403|||||0||0||||||||||||||||||||
|C170|10|0000245195||50,00000|PC|298,91||0|030|2403|||||0||0||||||||||||||||||||
|C170|11|0000590070||30,00000|PC|116,96||0|030|2403|||||0||0||||||||||||||||||||
|C170|12|0000245055||600,00000|PC|1038,18||0|030|2403|||||0||0||||||||||||||||||||
|C170|13|0000245060||30,00000|PC|51,91||0|030|2403|||||0||0||||||||||||||||||||
|C170|14|0000245120||500,00000|PC|865,15||0|030|2403|||||0||0||||||||||||||||||||
|C170|15|0000245140||600,00000|PC|1038,18||0|030|2403|||||0||0||||||||||||||||||||
|C190|030|2403||5172,64|0|0|0|0|0|0||
|C100|0|1|3691|55|00|30|000056625|26110310918175000136550300000566251063649478|31032011|03042011|7187,55|1|||5513,19|9||||0|0||||||||
|C170|1|0000374010||600,00000|PC|5513,19||0|030|2403|||||0||0||||||||||||||||||||
|C190|030|2403||7187,55|0|0|0|0|0|0||
|C100|0|1|17990|55|00|1|000000251|35110312449348000140550010000002511744953709|29032011|05042011|2041,70|1|||1735,70|9||||0|0||||||||
|C170|1|0000382005||4084,00000|PC|1735,70||0|030|2403|||||0||0||||||||||||||||||||
|C190|030|2403||2041,70|0|0|0|0|0|0||
|C100|0|1|800010212|55|00|1|000028449|35110353261244000194550010000284491496245856|31032011|12042011|8097,64|1|||6150,60|9||||0|0||||||||
|C170|1|0000425035||50,00000|PC|297,50||0|030|2403|||||0||0||||||||||||||||||||
|C170|2|0000425000||200,00000|PC|322,00||0|030|2403|||||0||0||||||||||||||||||||
|C170|3|0000437015||60,00000|PC|323,40||0|030|2403|||||0||0||||||||||||||||||||
|C170|4|0000437090||210,00000|PC|1199,10||0|030|2403|||||0||0||||||||||||||||||||
|C170|5|0000437095||120,00000|PC|685,20||0|030|2403|||||0||0||||||||||||||||||||
|C170|6|0000437005||210,00000|PC|957,60||0|030|2403|||||0||0||||||||||||||||||||
|C170|7|0000437035||300,00000|PC|1617,00||0|030|2403|||||0||0||||||||||||||||||||
|C170|8|0000437110||120,00000|PC|748,80||0|030|2403|||||0||0||||||||||||||||||||
|C190|030|2403||8097,64|0|0|0|0|0|0||
|C100|0|1|10412|55|00|2|000034863|41110402526146000109550020000348631001347192|11042011|20042011|6117,75|1|||5625,03|9||||0|0||||||||
|C170|1|0000143195||30,00000|PC|235,68||0|030|2403|||||0||0||||||||||||||||||||
|C170|2|0000586135||200,00000|PC|668,97||0|030|2403|||||0||0||||||||||||||||||||
|C170|3|0000530504||10,00000|PC|555,37||0|030|2403|||||0||0||||||||||||||||||||
|C170|4|0000143025||30,00000|PC|103,74||0|030|2403|||||0||0||||||||||||||||||||
|C170|5|0000143135||30,00000|PC|120,85||0|030|2403|||||0||0||||||||||||||||||||
|C170|6|0000530115||300,00000|PC|1129,85||0|030|2403|||||0||0||||||||||||||||||||
|C170|7|0000560025||30,00000|PC|430,05||0|030|2403|||||0||0||||||||||||||||||||
|C170|8|0000530130||300,00000|PC|2110,18||0|030|2403|||||0||0||||||||||||||||||||
|C170|9|0000530180||6,00000|PC|42,20||0|030|2403|||||0||0||||||||||||||||||||
|C170|10|0000530205||2,00000|PC|17,59||0|030|2403|||||0||0||||||||||||||||||||
|C170|11|0000530195||20,00000|PC|173,66||0|030|2403|||||0||0||||||||||||||||||||
|C170|12|0000530190||4,00000|PC|36,89||0|030|2403|||||0||0||||||||||||||||||||
|C190|030|2403||6117,75|0|0|0|0|0|0||
|C100|0|1|3432|55|00|1|000002059|23110407965203000161550010000020591000020596|29042011|30042011|1946,00|0|233,52||1946,00|9||||0|0||||||||
|C170|1|0000289405||100,00000|PC|1946,00|233,52|0|030|1403|||||0||0||||||||||||||||||||
|C190|030|1403||1946,00|0|0|0|0|0|0||
|C100|0|1|13461|55|00|1|000004752|23110410603887000166550010000047521133660936|28042011|30042011|3572,90|0|||3572,90|9||||0|0||||||||
|C170|1|0000071182||200,00000|PC|3572,90||0|030|1403|||||0||0||||||||||||||||||||
|C190|030|1403||3572,90|0|0|0|0|0|0||
|C100|0|1|3432|55|00|1|000002014|23110407965203000161550010000020141000020144|15042011|16042011|1387,97|0|166,56||1387,97|9||||0|0||||||||
|C170|1|0000289407||100,00000|PC|1141,00|136,92|0|030|1403|||||0||0||||||||||||||||||||
|C170|2|0000289403||12,00000|PC|142,32|17,08|0|030|1403|||||0||0||||||||||||||||||||
|C170|3|0000289420||5,00000|PC|104,65|12,56|0|030|1403|||||0||0||||||||||||||||||||
|C190|030|1403||1387,97|0|0|0|0|0|0||
|C100|0|1|3997|55|00|1|000051139|13110384496066000104550010000511390406455946|31032011|06042011|1262,00|1|||1262,00|9||||0|0||||||||
|C170|1|0000112175||10,00000|PC|260,80||0|030|2403|||||0||0||||||||||||||||||||
|C170|2|0000112255||10,00000|PC|1001,20||0|030|2403|||||0||0||||||||||||||||||||
|C190|030|2403||1262,00|0|0|0|0|0|0||
|C100|0|1|17519|55|00|0|000000049|23110409230023000167550000000000491780700600|11042011|12042011|4200,00|1|||4200,00|9||||0|0||||||||
|C170|1|0000290105||2000,00000|PC|4200,00||0|030|1403|||||0||0||||||||||||||||||||
|C190|030|1403||4200,00|0|0|0|0|0|0||
|C100|0|1|3432|55|00|1|000001961|23110407965203000161550010000019611000019612|06042011|07042011|2953,94|0|||2953,94|9||||0|0||||||||
|C170|1|0000084050||200,00000|PC|1216,00||0|030|1403|||||0||0||||||||||||||||||||
|C170|2|0000084140||226,00000|UN|1737,94||0|030|1403|||||0||0||||||||||||||||||||
|C190|030|1403||2953,94|0|0|0|0|0|0||
|C100|0|1|4727|55|00|1|000002681|24110308536500000154550010000026810000026818|26032011|08042011|54,75|1|||54,75|9||||0|0||||||||
|C170|1|0000135080||1,00000|PC|54,75||0|030|2949|||||0||0|||||||01|||||0|01|||||0||
|C190|030|2949||54,75|0|0|0|0|0|0||
|C100|0|1|2485|55|00|0|000108610|23110424073694000589550000001086101628402122|26042011|26042011|219,87|1|11,57||231,44|9||||0|0||||||||
|C170|1|0001000000XXX||3,00000|UN|231,44|11,57|0|030|1556|||||0||0||||||||||||||||||||
|C190|030|1556||219,87|0|0|0|0|0|0||
|C100|0|1|2485|55|00|0|000106727|23110424073694000589550000001067271600867957|12042011|12042011|221,79|1|0,98||222,77|9||||0|0||||||||
|C170|1|0001000000XXX||26,00000|UN|222,77|0,98|0|030|1556|||||0||0||||||||||||||||||||
|C190|030|1556||221,79|0|0|0|0|0|0||
|C100|0|1|13461|55|00|1|000004736|23110410603887000166550010000047361304474798|26042011|26042011|14988,15|0|||14988,15|9||||0|0||||||||
|C170|1|0000071179||20,00000|PC|293,19||0|030|1403|||||0||0||||||||||||||||||||
|C170|2|0000071180||50,00000|PC|870,16||0|030|1403|||||0||0||||||||||||||||||||
|C170|3|0000071181||100,00000|PC|1553,30||0|030|1403|||||0||0||||||||||||||||||||
|C170|4|0000071182||100,00000|PC|1786,45||0|030|1403|||||0||0||||||||||||||||||||
|C170|5|0000071183||180,00000|PC|3066,12||0|030|1403|||||0||0||||||||||||||||||||
|C170|6|0000071184||450,00000|PC|7418,93||0|030|1403|||||0||0||||||||||||||||||||
|C190|030|1403||14988,15|0|0|0|0|0|0||
|C100|0|1|800010143|55|00|1|000000097|23110403056339000106550010000000971000002950|12042011|13042011|16000,00|0|||16000,00|9||||0|0||||||||
|C170|1|0000518312||30,00000|PC|480,00||0|030|1403|||||0||0||||||||||||||||||||
|C170|2|0000518314||50,00000|PC|800,00||0|030|1403|||||0||0||||||||||||||||||||
|C170|3|0000518300||50,00000|PC|800,00||0|030|1403|||||0||0||||||||||||||||||||
|C170|4|0000518302||20,00000|PC|320,00||0|030|1403|||||0||0||||||||||||||||||||
|C170|5|0000518326||10,00000|PC|160,00||0|030|1403|||||0||0||||||||||||||||||||
|C170|6|0000518305||30,00000|PC|480,00||0|030|1403|||||0||0||||||||||||||||||||
|C170|7|0000518311||20,00000|PC|320,00||0|030|1403|||||0||0||||||||||||||||||||
|C170|8|0000518315||50,00000|PC|800,00||0|030|1403|||||0||0||||||||||||||||||||
|C170|9|0000518305||20,00000|PC|320,00||0|030|1403|||||0||0||||||||||||||||||||
|C170|10|0000518301||620,00000|PC|9920,00||0|030|1403|||||0||0||||||||||||||||||||
|C170|11|0000518303||50,00000|PC|800,00||0|030|1403|||||0||0||||||||||||||||||||
|C170|12|0000518324||30,00000|PC|480,00||0|030|1403|||||0||0||||||||||||||||||||
|C170|13|0000518327||20,00000|PC|320,00||0|030|1403|||||0||0||||||||||||||||||||
|C190|030|1403||16000,00|0|0|0|0|0|0||
|C100|0|1|800010163|55|00|1|000006536|23110472207509000200550010000065361000065368|19042011|21042011|3313,20|0|||3313,20|9||||0|0||||||||
|C170|1|0000071171||30,00000|PC|179,10||0|030|1403|||||0||0||||||||||||||||||||
|C170|2|0000071173||10,00000|PC|15,20||0|030|1403|||||0||0||||||||||||||||||||
|C170|3|0000071127||50,00000|UN|99,50||0|030|1403|||||0||0||||||||||||||||||||
|C170|4|0000071174||10,00000|UN|15,20||0|030|1403|||||0||0||||||||||||||||||||
|C170|5|0000071175||10,00000|UN|36,20||0|030|1403|||||0||0||||||||||||||||||||
|C170|6|0000071131||10,00000|PC|125,00||0|030|1403|||||0||0||||||||||||||||||||
|C170|7|0000071172||100,00000|PC|274,00||0|030|1403|||||0||0||||||||||||||||||||
|C170|8|0000071128||10,00000|PC|14,30||0|030|1403|||||0||0||||||||||||||||||||
|C170|9|0000071176||10,00000|PC|15,90||0|030|1403|||||0||0||||||||||||||||||||
|C170|10|0000071122||10,00000|PC|28,00||0|030|1403|||||0||0||||||||||||||||||||
|C170|11|0000071121||400,00000|PC|784,00||0|030|1403|||||0||0||||||||||||||||||||
|C170|12|0000071120||300,00000|PC|399,00||0|030|1403|||||0||0||||||||||||||||||||
|C170|13|0000071126||30,00000|PC|78,60||0|030|1403|||||0||0||||||||||||||||||||
|C170|14|0000071177||10,00000|UN|26,00||0|030|1403|||||0||0||||||||||||||||||||
|C170|15|0000071135||20,00000|UN|57,60||0|030|1403|||||0||0||||||||||||||||||||
|C170|16|0000071134||10,00000|PC|38,70||0|030|1403|||||0||0||||||||||||||||||||
|C170|17|0000071125||300,00000|PC|897,00||0|030|1403|||||0||0||||||||||||||||||||
|C170|18|0000071132||10,00000|PC|125,00||0|030|1403|||||0||0||||||||||||||||||||
|C170|19|0000071174||10,00000|UN|9,80||0|030|1403|||||0||0||||||||||||||||||||
|C170|20|0000071133||30,00000|UN|95,10||0|030|1403|||||0||0||||||||||||||||||||
|C190|030|1403||3313,20|0|0|0|0|0|0||
|C100|0|1|3432|55|00|1|000002053|23110407965203000161550010000020531000020533|28042011|29042011|1923,75|0|280,08||1923,75|9||||0|0||||||||
|C170|1|0000288010||50,00000|PC|311,50|46,73|0|030|1403|||||0||0||||||||||||||||||||
|C170|2|0000288015||50,00000|PC|317,00|47,55|0|030|1403|||||0||0||||||||||||||||||||
|C170|3|0000075460||20,00000|PC|60,20|7,22|0|030|1403|||||0||0||||||||||||||||||||
|C170|4|0000075455||50,00000|PC|222,50|26,70|0|030|1403|||||0||0||||||||||||||||||||
|C170|5|0000287330||10,00000|PC|176,90|26,54|0|030|1403|||||0||0||||||||||||||||||||
|C170|6|0000287345||10,00000|PC|180,00|27,00|0|030|1403|||||0||0||||||||||||||||||||
|C170|7|0000288155||5,00000|PC|99,15|14,87|0|030|1403|||||0||0||||||||||||||||||||
|C170|8|0000288025||20,00000|PC|402,80|60,42|0|030|1403|||||0||0||||||||||||||||||||
|C170|9|0000288170||10,00000|PC|153,70|23,05|0|030|1403|||||0||0||||||||||||||||||||
|C190|030|1403||1923,75|0|0|0|0|0|0||
|C100|0|1|3432|55|00|1|000001960|23110407965203000161550010000019601000019607|06042011|06042011|10150,80|0|1308,23||10150,80|9||||0|0||||||||
|C170|1|0000070039||20,00000|PC|176,40|8,82|0|030|1403|||||0||0||||||||||||||||||||
|C170|2|0000070306||100,00000|UN|191,00|28,65|0|030|1403|||||0||0||||||||||||||||||||
|C170|3|0000074250||50,00000|UN|251,00|37,65|0|030|1403|||||0||0||||||||||||||||||||
|C170|4|0000287105||200,00000|PC|1474,00|221,10|0|030|1403|||||0||0||||||||||||||||||||
|C170|5|0000287140||200,00000|PC|1500,00|225,00|0|030|1403|||||0||0||||||||||||||||||||
|C170|6|0000289403||50,00000|PC|593,00|71,16|0|030|1403|||||0||0||||||||||||||||||||
|C170|7|0000289405||200,00000|PC|2336,00|280,32|0|030|1403|||||0||0||||||||||||||||||||
|C170|8|0000289406||200,00000|PC|2336,00|280,32|0|030|1403|||||0||0||||||||||||||||||||
|C170|9|0000070308||20,00000|UN|366,60|43,99|0|030|1403|||||0||0||||||||||||||||||||
|C170|10|0000075865||10,00000|PC|251,90|30,23|0|030|1403|||||0||0||||||||||||||||||||
|C170|11|0000075855||10,00000|PC|178,90|21,47|0|030|1403|||||0||0||||||||||||||||||||
|C170|12|0000070307||100,00000|UN|496,00|59,52|0|030|1403|||||0||0||||||||||||||||||||
|C190|030|1403||10150,80|0|0|0|0|0|0||
|C100|0|1|12444|01|00|0|0001036||08042011|08042011|357,00|0|||357,00|9||||0|0||||||||
|C170|1|0000080860||1000,00000|PC|357,00||0|030|1403|||||0||0||||||||||||||||||||
|C190|030|1403||357,00|0|0|0|0|0|0||
|C100|0|1|1000|01|00||0000461||08032011|01042011|416,68|1|||416,68|9||||0|0||||||||
|C170|1|0000328355||3,00000|PC|225,09||0|030|1411|||||0||0|||||||01|225,09|0,65|||1,46|01|225,09|3,00|||6,75||
|C170|2|0000245195||1,00000|PC|22,46||0|030|1411|||||0||0|||||||01|22,46|0,65|||0,15|01|22,46|3,00|||0,67||
|C170|3|0000322230||10,00000|PC|25,60||0|030|1411|||||0||0|||||||01|25,60|0,65|||0,17|01|25,60|3,00|||0,77||
|C170|4|0000437175||5,00000|PC|41,70||0|030|1411|||||0||0|||||||01|41,70|0,65|||0,27|01|41,70|3,00|||1,25||
|C170|5|0000325191||1,00000|UN|70,81||0|030|1411|||||0||0|||||||01|70,81|0,65|||0,46|01|70,81|3,00|||2,12||
|C170|6|0000502464||1,00000|PC|19,42||0|030|1411|||||0||0|||||||01|19,42|0,65|||0,13|01|19,42|3,00|||0,58||
|C170|7|0000143360||2,00000|PC|11,60||0|030|1411|||||0||0|||||||01|11,60|0,65|||0,08|01|11,60|3,00|||0,35||
|C190|030|1411||416,68|0|0|0|0|0|0||
|C100|0|1|4338|01|00|0|0000596||25022010|01042011|42,16|1|||42,16|9||||0|0||||||||
|C170|1|0000245100||2,00000|PC|42,16||0|030|1411|||||0||0|||||||01|42,16|0,65|||0,27|01|42,16|3,00|||1,26||
|C190|030|1411||42,16|0|0|0|0|0|0||
|C100|0|1|4338|01|00|0|0000593||25022011|01042011|225,61|1|||225,61|9||||0|0||||||||
|C170|1|0000135075||1,00000|PC|1,39||0|030|1411|||||0||0|||||||01|1,39|0,65|||0,01|01|1,39|3,00|||0,04||
|C170|2|0000133007||3,00000|PC|210,54||0|030|1411|||||0||0|||||||01|210,54|0,65|||1,37|01|210,54|3,00|||6,32||
|C170|3|0000331600||1,00000|PC|13,68||0|030|1411|||||0||0|||||||01|13,68|0,65|||0,09|01|13,68|3,00|||0,41||
|C190|030|1411||225,61|0|0|0|0|0|0||
|C100|0|1|4338|01|00|0|0000594||25022011|01042011|69,90|1|||69,90|9||||0|0||||||||
|C170|1|0000133007||1,00000|PC|69,90||0|030|1411|||||0||0|||||||01|69,90|0,65|||0,45|01|69,90|3,00|||2,10||
|C190|030|1411||69,90|0|0|0|0|0|0||
|C100|0|1|4338|01|00|0|0000597||25022011|01042011|139,80|1|||139,80|9||||0|0||||||||
|C170|1|0000133007||2,00000|PC|139,80||0|030|1411|||||0||0|||||||01|139,80|0,65|||0,91|01|139,80|3,00|||4,19||
|C190|030|1411||139,80|0|0|0|0|0|0||
|C100|0|1|4338|01|00|0|0000595||25022011|01042011|34,38|1|||34,38|9||||0|0||||||||
|C170|1|0000293085||1,00000|PC|34,38||0|030|1411|||||0||0|||||||01|34,38|0,65|||0,22|01|34,38|3,00|||1,03||
|C190|030|1411||34,38|0|0|0|0|0|0||
|C100|0|1|13252|01|00|0|0008414||30042011|30042011|1424,94|0|||1424,94|9||||0|0||||||||
|C170|1|0001000000XXX||493,06000|UN|1424,94||0|030|1556|||||0||0||||||||||||||||||||
|C190|030|1556||1424,94|0|0|0|0|0|0||
|C100|0|1|13234|01|00|0|0000009||30042011|30042011|303,60|1|||303,60|9||||0|0||||||||
|C170|1|0000133006||5,00000|PC|303,60||0|030|1411|||||0||0|||||||01|303,60|0,65|||1,97|01|303,60|3,00|||9,11||
|C190|030|1411||303,60|0|0|0|0|0|0||
|C100|0|1|1751|01|00|0|0000052||15042011|15042011|57,75|1|||57,75|9||||0|0||||||||
|C170|1|0000133002||1,00000|PC|57,75||0|030|1411|||||0||0|||||||01|57,75|0,65|||0,38|01|57,75|3,00|||1,73||
|C190|030|1411||57,75|0|0|0|0|0|0||
|C100|0|1|11844|01|00|0|0000140||15042011|15042011|2120,00|0|||2120,00|9||||0|0||||||||
|C170|1|0000210095||100,00000|PC|200,00||0|030|1403|||||0||0||||||||||||||||||||
|C170|2|0000210110||400,00000|UN|800,00||0|030|1403|||||0||0||||||||||||||||||||
|C170|3|0000210100||60,00000|UN|120,00||0|030|1403|||||0||0||||||||||||||||||||
|C170|4|0000210770||20,00000|PC|40,00||0|030|1403|||||0||0||||||||||||||||||||
|C170|5|0000210050||200,00000|PC|300,00||0|030|1403|||||0||0||||||||||||||||||||
|C170|6|0000210835||200,00000|PC|300,00||0|030|1403|||||0||0||||||||||||||||||||
|C170|7|0000210055||100,00000|PC|200,00||0|030|1403|||||0||0||||||||||||||||||||
|C170|8|0000210075||20,00000|PC|40,00||0|030|1403|||||0||0||||||||||||||||||||
|C170|9|0000210090||20,00000|PC|40,00||0|030|1403|||||0||0||||||||||||||||||||
|C170|10|0000210820||20,00000|PC|40,00||0|030|1403|||||0||0||||||||||||||||||||
|C170|11|0000210775||20,00000|PC|40,00||0|030|1403|||||0||0||||||||||||||||||||
|C190|030|1403||2120,00|0|0|0|0|0|0||
|C100|0|1|800010196|55|00|0|000012880|35110354102488000197550000000128809999871194|30032011|06042011|2517,15|1|||1911,91|9||||0|0||||||||
|C170|1|0000501095||36,00000|PC|1911,91||0|030|2403|||||0||0||||||||||||||||||||
|C190|030|2403||2517,15|0|0|0|0|0|0||
|C100|0|1|4086|55|00|1|000018151|35110304719725000195550010000181511000400000|31032011|06042011|10268,54|1|||7799,53|9||||0|0||||||||
|C170|1|0000331370||300,00000|PC|1326,96||0|030|2403|||||0||0||||||||||||||||||||
|C170|2|0000331490||100,00000|PC|334,65||0|030|2403|||||0||0||||||||||||||||||||
|C170|3|0000331355||100,00000|PC|437,95||0|030|2403|||||0||0||||||||||||||||||||
|C170|4|0000331510||100,00000|PC|501,97||0|030|2403|||||0||0||||||||||||||||||||
|C170|5|0000331550||100,00000|PC|545,62||0|030|2403|||||0||0||||||||||||||||||||
|C170|6|0000331600||200,00000|PC|1091,24||0|030|2403|||||0||0||||||||||||||||||||
|C170|7|0000331402||100,00000|PC|448,14||0|030|2403|||||0||0||||||||||||||||||||
|C170|8|0000331350||1000,00000|PC|3113,00||0|030|2403|||||0||0||||||||||||||||||||
|C190|030|2403||10268,54|0|0|0|0|0|0||
|C100|0|1|3996|55|00|0|000000230|35110488789698000460550000000002301622731245|05042011|13042011|17081,65|1|||14624,70|9||||0|0||||||||
|C170|1|0000138115||150,00000|PC|5061,00||0|030|2403|||||0||0||||||||||||||||||||
|C170|2|0000138055||70,00000|PC|2937,90||0|030|2403|||||0||0||||||||||||||||||||
|C170|3|0000138020||100,00000|PC|3086,80||0|030|2403|||||0||0||||||||||||||||||||
|C170|4|0000138015||100,00000|PC|3539,00||0|030|2403|||||0||0||||||||||||||||||||
|C190|030|2403||17081,65|0|0|0|0|0|0||
|C100|0|1|11231|55|00|1|000004166|35110459660878000104550010000041661572631459|14042011|26042011|1587,00|1|||1380,00|9||||0|0||||||||
|C170|1|0001000000XXX||20,00000|UN|1380,00||0|030|2556|||||0||0||||||||||||||||||||
|C190|030|2556||1587,00|0|0|0|0|0|0||
|C100|0|1|17710|55|00|1|000000421|35110360614765000143550010000004211137005000|31032011|11042011|14300,00|1|||14300,00|9||||0|0||||||||
|C170|1|0000215415||1300,00000|PC|14300,00||0|030|2403|||||0||0||||||||||||||||||||
|C190|030|2403||14300,00|0|0|0|0|0|0||
|C100|0|1|800010181|55|00|1|000000403|35110460401015000193550010000004031000004039|04042011|11042011|2842,67|1|||2311,30|9||||0|0||||||||
|C170|1|0000530020||360,00000|PC|1450,80||0|030|2403|||||0||0||||||||||||||||||||
|C170|2|0000530050||50,00000|PC|211,00||0|030|2403|||||0||0||||||||||||||||||||
|C170|3|0000530065||50,00000|PC|250,50||0|030|2403|||||0||0||||||||||||||||||||
|C170|4|0000530010||100,00000|PC|399,00||0|030|2403|||||0||0||||||||||||||||||||
|C190|030|2403||2842,67|0|0|0|0|0|0||
|C100|0|1|13887|55|00|2|000000407|35110407202719000154550020000004071000004070|11042011|19042011|11227,17|1|||9612,30|9||||0|0||||||||
|C170|1|0000322214||1000,00000|PC|9612,30||0|030|2403|||||0||0||||||||||||||||||||
|C190|030|2403||11227,17|0|0|0|0|0|0||
|C100|0|1|13035|55|00|1|000005210|42110407564769000181550010000052101800040035|13042011|26042011|18720,32|1|||13829,00|9||||0|0||||||||
|C170|1|0000133006||100,00000|PC|1575,00||0|030|2403|||||0||0||||||||||||||||||||
|C170|2|0000133004||200,00000|PC|4660,00||0|030|2403|||||0||0||||||||||||||||||||
|C170|3|0000133009||100,00000|PC|2083,00||0|030|2403|||||0||0||||||||||||||||||||
|C170|4|0000133002||300,00000|PC|5511,00||0|030|2403|||||0||0||||||||||||||||||||
|C190|030|2403||18720,32|0|0|0|0|0|0||
|C100|0|1|17518|55|00|4|000001135|29110409003200000172550040000011351000011761|14042011|28042011|15563,94|1|||15563,94|9||||0|0||||||||
|C170|1|0000219630||80,00000|PC|5187,98||0|030|2403|||||0||0||||||||||||||||||||
|C170|2|0000219645||40,00000|PC|2593,99||0|030|2403|||||0||0||||||||||||||||||||
|C170|3|0000219130||80,00000|PC|5187,98||0|030|2403|||||0||0||||||||||||||||||||
|C170|4|0000219135||40,00000|PC|2593,99||0|030|2403|||||0||0||||||||||||||||||||
|C190|030|2403||15563,94|0|0|0|0|0|0||
|C100|0|1|800010276|55|00|1|000002637|35110453122891000115550010000026371010017331|04042011|15042011|1361,17|1|||1033,90|9||||0|0||||||||
|C170|1|0000140220||30,00000|PC|62,40||0|030|2403|||||0||0||||||||||||||||||||
|C170|2|0000140110||10,00000|PC|90,00||0|030|2403|||||0||0||||||||||||||||||||
|C170|3|0000380845||20,00000|PC|17,00||0|030|2403|||||0||0||||||||||||||||||||
|C170|4|0000140235||50,00000|PC|301,00||0|030|2403|||||0||0||||||||||||||||||||
|C170|5|0000381300||50,00000|PC|14,00||0|030|2403|||||0||0||||||||||||||||||||
|C170|6|0000225050||300,00000|PC|195,00||0|030|2403|||||0||0||||||||||||||||||||
|C170|7|0000230110||30,00000|PC|79,80||0|030|2403|||||0||0||||||||||||||||||||
|C170|8|0000230008||30,00000|PC|34,20||0|030|2403|||||0||0||||||||||||||||||||
|C170|9|0000230115||50,00000|PC|162,00||0|030|2403|||||0||0||||||||||||||||||||
|C170|10|0000230116||50,00000|PC|78,50||0|030|2403|||||0||0||||||||||||||||||||
|C190|030|2403||1361,17|0|0|0|0|0|0||
|C100|0|1|17518|55|00|4|000001136|29110409003200000172550040000011361000011777|14042011|28042011|26458,70|1|||26458,70|9||||0|0||||||||
|C170|1|0000219800||84,00000|PC|5447,38||0|030|2403|||||0||0||||||||||||||||||||
|C170|2|0000219440||84,00000|PC|5447,38||0|030|2403|||||0||0||||||||||||||||||||
|C170|3|0000219030||80,00000|PC|5187,98||0|030|2403|||||0||0||||||||||||||||||||
|C170|4|0000219035||40,00000|PC|2593,99||0|030|2403|||||0||0||||||||||||||||||||
|C170|5|0000219045||80,00000|PC|5187,98||0|030|2403|||||0||0||||||||||||||||||||
|C170|6|0000219050||40,00000|PC|2593,99||0|030|2403|||||0||0||||||||||||||||||||
|C190|030|2403||26458,70|0|0|0|0|0|0||
|C100|0|1|10545|55|00|1|000000326|35110310413447000146550010000003261000656820|31032011|11042011|887,95|1|||887,95|9||||0|0||||||||
|C170|1|0000328400||5,00000|PC|34,15||0|030|2403|||||0||0||||||||||||||||||||
|C170|2|0000328120||5,00000|PC|39,30||0|030|2403|||||0||0||||||||||||||||||||
|C170|3|0000328121||5,00000|PC|39,50||0|030|2403|||||0||0||||||||||||||||||||
|C170|4|0000328115||50,00000|PC|380,50||0|030|2403|||||0||0||||||||||||||||||||
|C170|5|0000328100||50,00000|PC|315,00||0|030|2403|||||0||0||||||||||||||||||||
|C170|6|0000328160||5,00000|PC|37,00||0|030|2403|||||0||0||||||||||||||||||||
|C170|7|0000328135||5,00000|PC|42,50||0|030|2403|||||0||0||||||||||||||||||||
|C190|030|2403||887,95|0|0|0|0|0|0||
|C100|0|1|800010272|55|00|1|000004628|35110459552224000159550010000046281000010149|07042011|13042011|15255,15|1|||11604,40|9||||0|0||||||||
|C170|1|0000434375||300,00000|PC|105,00||0|030|2403|||||0||0||||||||||||||||||||
|C170|2|0000200203||100,00000|UN|1775,00||0|030|2403|||||0||0||||||||||||||||||||
|C170|3|0000200205||200,00000|PC|1546,00||0|030|2403|||||0||0||||||||||||||||||||
|C170|4|0000200195||300,00000|PC|2319,00||0|030|2403|||||0||0||||||||||||||||||||
|C170|5|0000200206||50,00000|PC|752,00||0|030|2403|||||0||0||||||||||||||||||||
|C170|6|0000200207||100,00000|PC|1326,00||0|030|2403|||||0||0||||||||||||||||||||
|C170|7|0000562555||10,00000|PC|88,10||0|030|2403|||||0||0||||||||||||||||||||
|C170|8|0000562560||10,00000|PC|89,30||0|030|2403|||||0||0||||||||||||||||||||
|C170|9|0000434365||1000,00000|PC|3190,00||0|030|2403|||||0||0||||||||||||||||||||
|C170|10|0000434340||100,00000|PC|414,00||0|030|2403|||||0||0||||||||||||||||||||
|C190|030|2403||15255,15|0|0|0|0|0|0||
|C100|0|1|10544|55|00|2|000082599|42110484229624000175550020000825991306550783|07042011|19042011|2307,54|1|||2097,76|9||||0|0||||||||
|C170|1|0000480735||50,00000|PC|569,00||0|030|2403|||||0||0||||||||||||||||||||
|C170|2|0000500740||50,00000|PC|769,00||0|030|2403|||||0||0||||||||||||||||||||
|C170|3|0000422220||10,00000|PC|71,40||0|030|2403|||||0||0||||||||||||||||||||
|C170|4|0000422235||5,00000|PC|28,00||0|030|2403|||||0||0||||||||||||||||||||
|C170|5|0000422280||20,00000|PC|280,60||0|030|2403|||||0||0||||||||||||||||||||
|C170|6|0000422255||30,00000|PC|149,10||0|030|2403|||||0||0||||||||||||||||||||
|C170|7|0000422225||10,00000|PC|87,80||0|030|2403|||||0||0||||||||||||||||||||
|C170|8|0000422290||10,00000|PC|87,90||0|030|2403|||||0||0||||||||||||||||||||
|C170|9|0000422245||6,00000|PC|54,96||0|030|2403|||||0||0||||||||||||||||||||
|C190|030|2403||2307,54|0|0|0|0|0|0||
|C100|0|1|10695|55|00|1|000000285|35110409062384000141550010000002851000002086|05042011|18042011|4226,92|1|||3532,20|9||||0|0||||||||
|C170|1|0000380830||3000,00000|PC|810,00||0|030|2403|||||0||0||||||||||||||||||||
|C170|2|0000472110||1500,00000|PC|1260,00||0|030|2403|||||0||0||||||||||||||||||||
|C170|3|0000472115||1500,00000|PC|1260,00||0|030|2403|||||0||0||||||||||||||||||||
|C170|4|0000150060||300,00000|PC|10,80||0|030|2403|||||0||0||||||||||||||||||||
|C170|5|0000111140||20,00000|PC|24,00||0|030|2403|||||0||0||||||||||||||||||||
|C170|6|0000111115||30,00000|PC|36,00||0|030|2403|||||0||0||||||||||||||||||||
|C170|7|0000111150||30,00000|PC|36,00||0|030|2403|||||0||0||||||||||||||||||||
|C170|8|0000150225||100,00000|PC|21,60||0|030|2403|||||0||0||||||||||||||||||||
|C170|9|0000150020||200,00000|PC|20,40||0|030|2403|||||0||0||||||||||||||||||||
|C170|10|0000150130||100,00000|PC|30,90||0|030|2403|||||0||0||||||||||||||||||||
|C170|11|0000150150||100,00000|PC|22,50||0|030|2403|||||0||0||||||||||||||||||||
|C190|030|2403||4226,92|0|0|0|0|0|0||
|C100|0|1|17088|55|00|1|000003234|35110364649445000180550010000032341010051648|04032011|01042011|2432,60|1|||1847,70|9||||0|0||||||||
|C170|1|0000140190||30,00000|PC|100,50||0|030|2403|||||0||0||||||||||||||||||||
|C170|2|0000140260||10,00000|PC|39,00||0|030|2403|||||0||0||||||||||||||||||||
|C170|3|0000140315||10,00000|PC|41,00||0|030|2403|||||0||0||||||||||||||||||||
|C170|4|0000140110||20,00000|PC|210,00||0|030|2403|||||0||0||||||||||||||||||||
|C170|5|0000140405||30,00000|PC|102,00||0|030|2403|||||0||0||||||||||||||||||||
|C170|6|0000230225||10,00000|UN|37,45||0|030|2403|||||0||0||||||||||||||||||||
|C170|7|0000230390||10,00000|UN|38,50||0|030|2403|||||0||0||||||||||||||||||||
|C170|8|0000380810||500,00000|PC|395,00||0|030|2403|||||0||0||||||||||||||||||||
|C170|9|0000630110||1000,00000|PC|750,00||0|030|2403|||||0||0||||||||||||||||||||
|C170|10|0000630030||50,00000|PC|48,75||0|030|2403|||||0||0||||||||||||||||||||
|C170|11|0000630020||30,00000|PC|36,75||0|030|2403|||||0||0||||||||||||||||||||
|C170|12|0000630075||50,00000|PC|48,75||0|030|2403|||||0||0||||||||||||||||||||
|C190|030|2403||2432,60|0|0|0|0|0|0||
|C100|0|1|800010196|55|00|0|000012572|35110354102488000197550000000125729999874276|14032011|02042011|14869,30|1|||11294,05|9||||0|0||||||||
|C170|1|0000503045||20,00000|PC|435,61||0|030|2403|||||0||0||||||||||||||||||||
|C170|2|0000503015||20,00000|PC|95,47||0|030|2403|||||0||0||||||||||||||||||||
|C170|3|0000397075||50,00000|PC|278,93||0|030|2403|||||0||0||||||||||||||||||||
|C170|4|0000397150||50,00000|PC|356,15||0|030|2403|||||0||0||||||||||||||||||||
|C170|5|0000397160||18,00000|PC|128,21||0|030|2403|||||0||0||||||||||||||||||||
|C170|6|0000397165||50,00000|PC|356,15||0|030|2403|||||0||0||||||||||||||||||||
|C170|7|0000397070||20,00000|PC|154,44||0|030|2403|||||0||0||||||||||||||||||||
|C170|8|0000397235||30,00000|PC|322,92||0|030|2403|||||0||0||||||||||||||||||||
|C170|9|0000397126||30,00000|PC|150,23||0|030|2403|||||0||0||||||||||||||||||||
|C170|10|0000397125||10,00000|PC|50,08||0|030|2403|||||0||0||||||||||||||||||||
|C170|11|0000397127||10,00000|PC|50,08||0|030|2403|||||0||0||||||||||||||||||||
|C170|12|0000397205||50,00000|PC|389,85||0|030|2403|||||0||0||||||||||||||||||||
|C170|13|0000397200||50,00000|PC|389,85||0|030|2403|||||0||0||||||||||||||||||||
|C170|14|0000420700||5,00000|PC|97,53||0|030|2403|||||0||0||||||||||||||||||||
|C170|15|0000501115||50,00000|PC|2655,43||0|030|2403|||||0||0||||||||||||||||||||
|C170|16|0000501095||14,00000|PC|743,52||0|030|2403|||||0||0||||||||||||||||||||
|C170|17|0000575095||30,00000|PC|158,65||0|030|2403|||||0||0||||||||||||||||||||
|C170|18|0000575096||30,00000|PC|158,65||0|030|2403|||||0||0||||||||||||||||||||
|C170|19|0000575110||46,00000|PC|404,29||0|030|2403|||||0||0||||||||||||||||||||
|C170|20|0000575120||20,00000|PC|96,97||0|030|2403|||||0||0||||||||||||||||||||
|C170|21|0000574050||300,00000|PC|1586,52||0|030|2403|||||0||0||||||||||||||||||||
|C170|22|0000574054||20,00000|PC|105,77||0|030|2403|||||0||0||||||||||||||||||||
|C170|23|0000574051||50,00000|PC|264,42||0|030|2403|||||0||0||||||||||||||||||||
|C170|24|0000574140||200,00000|PC|1621,16||0|030|2403|||||0||0||||||||||||||||||||
|C170|25|0000574160||30,00000|PC|243,17||0|030|2403|||||0||0||||||||||||||||||||
|C190|030|2403||14869,30|0|0|0|0|0|0||
|C100|0|1|800010196|55|00|0|000012959|35110354102488000197550000000129599999870408|31032011|06042011|15190,02|1|||11537,67|9||||0|0||||||||
|C170|1|0000397075||50,00000|PC|270,56||0|030|2403|||||0||0||||||||||||||||||||
|C170|2|0000397120||400,00000|PC|1706,84||0|030|2403|||||0||0||||||||||||||||||||
|C170|3|0000397125||30,00000|PC|145,72||0|030|2403|||||0||0||||||||||||||||||||
|C170|4|0000397140||20,00000|PC|97,15||0|030|2403|||||0||0||||||||||||||||||||
|C170|5|0000397215||100,00000|PC|756,28||0|030|2403|||||0||0||||||||||||||||||||
|C170|6|0000420685||50,00000|PC|946,03||0|030|2403|||||0||0||||||||||||||||||||
|C170|7|0000501075||50,00000|PC|2575,71||0|030|2403|||||0||0||||||||||||||||||||
|C170|8|0000501095||20,00000|PC|1030,28||0|030|2403|||||0||0||||||||||||||||||||
|C170|9|0000575100||50,00000|PC|256,48||0|030|2403|||||0||0||||||||||||||||||||
|C170|10|0000575096||50,00000|PC|256,48||0|030|2403|||||0||0||||||||||||||||||||
|C170|11|0000575110||200,00000|PC|1705,04||0|030|2403|||||0||0||||||||||||||||||||
|C170|12|0000574050||200,00000|PC|1025,92||0|030|2403|||||0||0||||||||||||||||||||
|C170|13|0000574160||20,00000|PC|157,25||0|030|2403|||||0||0||||||||||||||||||||
|C170|14|0000574165||10,00000|PC|101,32||0|030|2403|||||0||0||||||||||||||||||||
|C170|15|0000574170||40,00000|PC|405,29||0|030|2403|||||0||0||||||||||||||||||||
|C170|16|0000574175||10,00000|PC|101,32||0|030|2403|||||0||0||||||||||||||||||||
|C190|030|2403||15190,02|0|0|0|0|0|0||
|C100|0|1|800010236|55|00|0|000004730|35110354548730000150550000000047301031647300|16032011|05042011|9128,40|1|||8228,86|9||||0|0||||||||
|C170|1|0000370480||20,00000|PC|23,40||0|030|2403|||||0||0||||||||||||||||||||
|C170|2|0000370835||20,00000|PC|20,60||0|030|2403|||||0||0||||||||||||||||||||
|C170|3|0000370066||10,00000|PC|7,00||0|030|2403|||||0||0||||||||||||||||||||
|C170|4|0000370140||20,00000|PC|28,20||0|030|2403|||||0||0||||||||||||||||||||
|C170|5|0000350335||20,00000|PC|5,80||0|030|2403|||||0||0||||||||||||||||||||
|C170|6|0000350385||200,00000|PC|86,00||0|030|2403|||||0||0||||||||||||||||||||
|C170|7|0000350355||400,00000|PC|172,00||0|030|2403|||||0||0||||||||||||||||||||
|C170|8|0000350345||50,00000|PC|21,50||0|030|2403|||||0||0||||||||||||||||||||
|C170|9|0000350375||50,00000|PC|21,50||0|030|2403|||||0||0||||||||||||||||||||
|C170|10|0000365395||200,00000|PC|386,00||0|030|2403|||||0||0||||||||||||||||||||
|C170|11|0000365355||10,00000|PC|31,50||0|030|2403|||||0||0||||||||||||||||||||
|C170|12|0000365085||50,00000|PC|154,50||0|030|2403|||||0||0||||||||||||||||||||
|C170|13|0000365250||500,00000|PC|1430,00||0|030|2403|||||0||0||||||||||||||||||||
|C170|14|0000365090||500,00000|PC|1515,00||0|030|2403|||||0||0||||||||||||||||||||
|C170|15|0000370065||100,00000|PC|55,00||0|030|2403|||||0||0||||||||||||||||||||
|C170|16|0000370050||50,00000|PC|32,50||0|030|2403|||||0||0||||||||||||||||||||
|C170|17|0000370800||300,00000|PC|408,00||0|030|2403|||||0||0||||||||||||||||||||
|C170|18|0000370540||20,00000|PC|19,60||0|030|2403|||||0||0||||||||||||||||||||
|C170|19|0000370580||100,00000|PC|93,00||0|030|2403|||||0||0||||||||||||||||||||
|C170|20|0000370490||100,00000|PC|17,00||0|030|2403|||||0||0||||||||||||||||||||
|C170|21|0000370165||300,00000|PC|30,00||0|030|2403|||||0||0||||||||||||||||||||
|C170|22|0000370570||200,00000|PC|38,00||0|030|2403|||||0||0||||||||||||||||||||
|C170|23|0000370805||300,00000|PC|78,00||0|030|2403|||||0||0||||||||||||||||||||
|C170|24|0000370200||50,00000|PC|9,00||0|030|2403|||||0||0||||||||||||||||||||
|C170|25|0000370670||50,00000|PC|30,50||0|030|2403|||||0||0||||||||||||||||||||
|C170|26|0000370355||10,00000|PC|15,00||0|030|2403|||||0||0||||||||||||||||||||
|C170|27|0000370810||50,00000|PC|48,00||0|030|2403|||||0||0||||||||||||||||||||
|C170|28|0000370600||50,00000|PC|54,00||0|030|2403|||||0||0||||||||||||||||||||
|C170|29|0000370820||200,00000|PC|206,00||0|030|2403|||||0||0||||||||||||||||||||
|C170|30|0000370675||50,00000|PC|39,50||0|030|2403|||||0||0||||||||||||||||||||
|C170|31|0000370585||200,00000|PC|160,00||0|030|2403|||||0||0||||||||||||||||||||
|C170|32|0000370315||100,00000|PC|46,00||0|030|2403|||||0||0||||||||||||||||||||
|C170|33|0000370320||50,00000|PC|21,00||0|030|2403|||||0||0||||||||||||||||||||
|C170|34|0000370605||50,00000|PC|42,00||0|030|2403|||||0||0||||||||||||||||||||
|C170|35|0000370610||200,00000|PC|112,00||0|030|2403|||||0||0||||||||||||||||||||
|C170|36|0000370825||100,00000|PC|59,00||0|030|2403|||||0||0||||||||||||||||||||
|C170|37|0000370625||200,00000|PC|132,00||0|030|2403|||||0||0||||||||||||||||||||
|C170|38|0000615695||50,00000|PC|7,00||0|030|2403|||||0||0||||||||||||||||||||
|C170|39|0000615705||3000,00000|PC|420,00||0|030|2403|||||0||0||||||||||||||||||||
|C170|40|0000365400||200,00000|PC|538,00||0|030|2403|||||0||0||||||||||||||||||||
|C170|41|0000370660||30,00000|PC|56,10||0|030|2403|||||0||0||||||||||||||||||||
|C170|42|0000365310||200,00000|PC|360,00||0|030|2403|||||0||0||||||||||||||||||||
|C170|43|0000365410||50,00000|PC|45,00||0|030|2403|||||0||0||||||||||||||||||||
|C170|44|0000365380||100,00000|PC|384,00||0|030|2403|||||0||0||||||||||||||||||||
|C170|45|0000365335||20,00000|PC|96,00||0|030|2403|||||0||0||||||||||||||||||||
|C170|46|0000365245||10,00000|PC|39,90||0|030|2403|||||0||0||||||||||||||||||||
|C170|47|0000370510||200,00000|PC|130,00||0|030|2403|||||0||0||||||||||||||||||||
|C170|48|0000258035||34,00000|PC|159,46||0|030|2403|||||0||0||||||||||||||||||||
|C170|49|0000370535||10,00000|PC|11,30||0|030|2403|||||0||0||||||||||||||||||||
|C170|50|0000370700||20,00000|PC|19,60||0|030|2403|||||0||0||||||||||||||||||||
|C170|51|0000370410||20,00000|PC|16,80||0|030|2403|||||0||0||||||||||||||||||||
|C170|52|0000350135||50,00000|PC|21,50||0|030|2403|||||0||0||||||||||||||||||||
|C170|53|0000350125||50,00000|PC|21,50||0|030|2403|||||0||0||||||||||||||||||||
|C170|54|0000370040||10,00000|PC|16,70||0|030|2403|||||0||0||||||||||||||||||||
|C170|55|0000370665||20,00000|PC|19,60||0|030|2403|||||0||0||||||||||||||||||||
|C170|56|0000370695||50,00000|PC|9,50||0|030|2403|||||0||0||||||||||||||||||||
|C170|57|0000370420||100,00000|PC|9,00||0|030|2403|||||0||0||||||||||||||||||||
|C170|58|0000370160||100,00000|PC|16,00||0|030|2403|||||0||0||||||||||||||||||||
|C170|59|0000370590||100,00000|PC|61,00||0|030|2403|||||0||0||||||||||||||||||||
|C170|60|0000370300||20,00000|PC|15,80||0|030|2403|||||0||0||||||||||||||||||||
|C170|61|0000370460||100,00000|PC|41,00||0|030|2403|||||0||0||||||||||||||||||||
|C170|62|0000370680||100,00000|PC|59,00||0|030|2403|||||0||0||||||||||||||||||||
|C170|63|0000615050||50,00000|PC|7,00||0|030|2403|||||0||0||||||||||||||||||||
|C190|030|2403||9128,40|0|0|0|0|0|0||
|C100|0|1|800010196|55|00|0|000011650|35110154102488000197550000000116509999883492|26012011|02042011|33586,56|1|||25510,85|9||||0|0||||||||
|C170|1|0000106005||100,00000|PC|2602,08||0|030|2403|||||0||0||||||||||||||||||||
|C170|2|0000503045||10,00000|PC|217,81||0|030|2403|||||0||0||||||||||||||||||||
|C170|3|0000503060||10,00000|PC|217,81||0|030|2403|||||0||0||||||||||||||||||||
|C170|4|0000397075||30,00000|PC|167,36||0|030|2403|||||0||0||||||||||||||||||||
|C170|5|0000397150||30,00000|PC|213,69||0|030|2403|||||0||0||||||||||||||||||||
|C170|6|0000397165||30,00000|PC|213,69||0|030|2403|||||0||0||||||||||||||||||||
|C170|7|0000397235||30,00000|PC|322,92||0|030|2403|||||0||0||||||||||||||||||||
|C170|8|0000397115||50,00000|PC|442,73||0|030|2403|||||0||0||||||||||||||||||||
|C170|9|0000397050||50,00000|PC|287,82||0|030|2403|||||0||0||||||||||||||||||||
|C170|10|0000397215||100,00000|PC|779,69||0|030|2403|||||0||0||||||||||||||||||||
|C170|11|0000397200||100,00000|PC|779,69||0|030|2403|||||0||0||||||||||||||||||||
|C170|12|0000420685||50,00000|PC|975,31||0|030|2403|||||0||0||||||||||||||||||||
|C170|13|0000420700||4,00000|PC|78,02||0|030|2403|||||0||0||||||||||||||||||||
|C170|14|0000420715||50,00000|PC|975,31||0|030|2403|||||0||0||||||||||||||||||||
|C170|15|0000501105||20,00000|PC|1062,17||0|030|2403|||||0||0||||||||||||||||||||
|C170|16|0000501100||4,00000|PC|212,43||0|030|2403|||||0||0||||||||||||||||||||
|C170|17|0000501075||100,00000|PC|5310,86||0|030|2403|||||0||0||||||||||||||||||||
|C170|18|0000501090||4,00000|PC|212,43||0|030|2403|||||0||0||||||||||||||||||||
|C170|19|0000960129||20,00000|PC|528,47||0|030|2403|||||0||0||||||||||||||||||||
|C170|20|0000575090||600,00000|PC|3173,04||0|030|2403|||||0||0||||||||||||||||||||
|C170|21|0000575100||50,00000|PC|264,42||0|030|2403|||||0||0||||||||||||||||||||
|C170|22|0000575115||50,00000|PC|439,45||0|030|2403|||||0||0||||||||||||||||||||
|C170|23|0000575120||20,00000|PC|96,97||0|030|2403|||||0||0||||||||||||||||||||
|C170|24|0000574050||300,00000|PC|1586,52||0|030|2403|||||0||0||||||||||||||||||||
|C170|25|0000574053||20,00000|PC|105,77||0|030|2403|||||0||0||||||||||||||||||||
|C170|26|0000574051||30,00000|PC|158,65||0|030|2403|||||0||0||||||||||||||||||||
|C170|27|0000574052||10,00000|PC|52,88||0|030|2403|||||0||0||||||||||||||||||||
|C170|28|0000574140||300,00000|PC|2431,74||0|030|2403|||||0||0||||||||||||||||||||
|C170|29|0000574155||30,00000|PC|243,17||0|030|2403|||||0||0||||||||||||||||||||
|C170|30|0000574145||100,00000|PC|1044,58||0|030|2403|||||0||0||||||||||||||||||||
|C170|31|0000574170||30,00000|PC|313,37||0|030|2403|||||0||0||||||||||||||||||||
|C190|030|2403||33586,56|0|0|0|0|0|0||
|C100|0|1|800010236|55|00|0|000004535|35110254548730000150550000000045351020945357|09022011|02042011|5151,13|0|||4638,42|9||||0|0||||||||
|C170|1|0000365180||4,00000|PC|24,20||0|030|2403|||||0||0||||||||||||||||||||
|C170|2|0000370480||20,00000|PC|23,40||0|030|2403|||||0||0||||||||||||||||||||
|C170|3|0000370835||20,00000|PC|20,60||0|030|2403|||||0||0||||||||||||||||||||
|C170|4|0000350335||20,00000|PC|5,80||0|030|2403|||||0||0||||||||||||||||||||
|C170|5|0000350385||200,00000|PC|86,00||0|030|2403|||||0||0||||||||||||||||||||
|C170|6|0000350355||200,00000|PC|86,00||0|030|2403|||||0||0||||||||||||||||||||
|C170|7|0000350345||50,00000|PC|21,50||0|030|2403|||||0||0||||||||||||||||||||
|C170|8|0000350375||50,00000|PC|21,50||0|030|2403|||||0||0||||||||||||||||||||
|C170|9|0000365115||2,00000|PC|18,20||0|030|2403|||||0||0||||||||||||||||||||
|C170|10|0000365395||200,00000|PC|386,00||0|030|2403|||||0||0||||||||||||||||||||
|C170|11|0000365340||20,00000|PC|68,00||0|030|2403|||||0||0||||||||||||||||||||
|C170|12|0000365355||2,00000|PC|6,30||0|030|2403|||||0||0||||||||||||||||||||
|C170|13|0000365085||30,00000|PC|92,70||0|030|2403|||||0||0||||||||||||||||||||
|C170|14|0000365265||2,00000|PC|10,18||0|030|2403|||||0||0||||||||||||||||||||
|C170|15|0000365250||300,00000|PC|858,00||0|030|2403|||||0||0||||||||||||||||||||
|C170|16|0000365090||300,00000|PC|909,00||0|030|2403|||||0||0||||||||||||||||||||
|C170|17|0000365175||4,00000|PC|23,44||0|030|2403|||||0||0||||||||||||||||||||
|C170|18|0000370065||100,00000|PC|55,00||0|030|2403|||||0||0||||||||||||||||||||
|C170|19|0000370050||20,00000|PC|13,00||0|030|2403|||||0||0||||||||||||||||||||
|C170|20|0000370800||200,00000|PC|272,00||0|030|2403|||||0||0||||||||||||||||||||
|C170|21|0000370540||20,00000|PC|19,60||0|030|2403|||||0||0||||||||||||||||||||
|C170|22|0000370580||100,00000|PC|93,00||0|030|2403|||||0||0||||||||||||||||||||
|C170|23|0000370490||100,00000|PC|17,00||0|030|2403|||||0||0||||||||||||||||||||
|C170|24|0000370165||200,00000|PC|20,00||0|030|2403|||||0||0||||||||||||||||||||
|C170|25|0000370495||10,00000|PC|3,20||0|030|2403|||||0||0||||||||||||||||||||
|C170|26|0000370570||100,00000|PC|19,00||0|030|2403|||||0||0||||||||||||||||||||
|C170|27|0000370805||200,00000|PC|52,00||0|030|2403|||||0||0||||||||||||||||||||
|C170|28|0000370200||50,00000|PC|9,00||0|030|2403|||||0||0||||||||||||||||||||
|C170|29|0000370670||50,00000|PC|30,50||0|030|2403|||||0||0||||||||||||||||||||
|C170|30|0000370355||10,00000|PC|15,00||0|030|2403|||||0||0||||||||||||||||||||
|C170|31|0000370690||120,00000|PC|73,20||0|030|2403|||||0||0||||||||||||||||||||
|C170|32|0000370810||50,00000|PC|48,00||0|030|2403|||||0||0||||||||||||||||||||
|C170|33|0000370600||20,00000|PC|21,60||0|030|2403|||||0||0||||||||||||||||||||
|C170|34|0000370465||50,00000|PC|35,00||0|030|2403|||||0||0||||||||||||||||||||
|C170|35|0000370820||100,00000|PC|103,00||0|030|2403|||||0||0||||||||||||||||||||
|C170|36|0000370675||30,00000|PC|23,70||0|030|2403|||||0||0||||||||||||||||||||
|C170|37|0000370585||100,00000|PC|80,00||0|030|2403|||||0||0||||||||||||||||||||
|C170|38|0000370315||50,00000|PC|23,00||0|030|2403|||||0||0||||||||||||||||||||
|C170|39|0000370320||50,00000|PC|21,00||0|030|2403|||||0||0||||||||||||||||||||
|C170|40|0000370605||30,00000|PC|25,20||0|030|2403|||||0||0||||||||||||||||||||
|C170|41|0000370610||200,00000|PC|112,00||0|030|2403|||||0||0||||||||||||||||||||
|C170|42|0000370825||100,00000|PC|59,00||0|030|2403|||||0||0||||||||||||||||||||
|C170|43|0000370325||100,00000|PC|52,00||0|030|2403|||||0||0||||||||||||||||||||
|C170|44|0000370625||100,00000|PC|66,00||0|030|2403|||||0||0||||||||||||||||||||
|C170|45|0000615695||100,00000|PC|14,00||0|030|2403|||||0||0||||||||||||||||||||
|C170|46|0000615705||2000,00000|PC|280,00||0|030|2403|||||0||0||||||||||||||||||||
|C170|47|0000615710||50,00000|PC|5,00||0|030|2403|||||0||0||||||||||||||||||||
|C170|48|0000365400||100,00000|PC|269,00||0|030|2403|||||0||0||||||||||||||||||||
|C170|49|0000370110||10,00000|PC|11,20||0|030|2403|||||0||0||||||||||||||||||||
|C170|50|0000370660||20,00000|PC|37,40||0|030|2403|||||0||0||||||||||||||||||||
|C190|030|2403||5151,13|0|0|0|0|0|0||
|C100|0|1|10412|55|00|2|000033102|41110202526146000109550020000331020001284820|24022011|01042011|10147,73|1|||9001,78|9||||0|0||||||||
|C170|1|0000143060||4,00000|PC|15,36||0|030|2403|||||0||0||||||||||||||||||||
|C170|2|0000530165||20,00000|PC|84,47||0|030|2403|||||0||0||||||||||||||||||||
|C170|3|0000359061||2,00000|PC|28,66||0|030|2403|||||0||0||||||||||||||||||||
|C170|4|0000359062||10,00000|PC|143,31||0|030|2403|||||0||0||||||||||||||||||||
|C170|5|0000359063||10,00000|PC|143,31||0|030|2403|||||0||0||||||||||||||||||||
|C170|6|0000359064||2,00000|PC|32,88||0|030|2403|||||0||0||||||||||||||||||||
|C170|7|0000359066||2,00000|PC|31,69||0|030|2403|||||0||0||||||||||||||||||||
|C170|8|0000359066||2,00000|PC|5,62||0|030|2403|||||0||0||||||||||||||||||||
|C170|9|0000359063||2,00000|PC|5,62||0|030|2403|||||0||0||||||||||||||||||||
|C170|10|0000359069||2,00000|PC|5,62||0|030|2403|||||0||0||||||||||||||||||||
|C170|11|0000185200||300,00000|PC|306,63||0|030|2403|||||0||0||||||||||||||||||||
|C170|12|0000185230||10,00000|PC|20,06||0|030|2403|||||0||0||||||||||||||||||||
|C170|13|0000185230||300,00000|PC|655,45||0|030|2403|||||0||0||||||||||||||||||||
|C170|14|0000165065||50,00000|PC|256,88||0|030|2403|||||0||0||||||||||||||||||||
|C170|15|0000165060||50,00000|PC|356,93||0|030|2403|||||0||0||||||||||||||||||||
|C170|16|0000165035||10,00000|PC|68,14||0|030|2403|||||0||0||||||||||||||||||||
|C170|17|0000165080||10,00000|PC|91,40||0|030|2403|||||0||0||||||||||||||||||||
|C170|18|0000165085||4,00000|PC|29,96||0|030|2403|||||0||0||||||||||||||||||||
|C170|19|0000165015||200,00000|PC|1027,52||0|030|2403|||||0||0||||||||||||||||||||
|C170|20|0000197100||30,00000|PC|378,51||0|030|2403|||||0||0||||||||||||||||||||
|C170|21|0000197109||2,00000|PC|31,58||0|030|2403|||||0||0||||||||||||||||||||
|C170|22|0000197335||4,00000|PC|50,16||0|030|2403|||||0||0||||||||||||||||||||
|C170|23|0000274050||20,00000|PC|451,03||0|030|2403|||||0||0||||||||||||||||||||
|C170|24|0000197315||2,00000|PC|107,46||0|030|2403|||||0||0||||||||||||||||||||
|C170|25|0000560025||10,00000|PC|150,88||0|030|2403|||||0||0||||||||||||||||||||
|C170|26|0000274095||30,00000|PC|716,61||0|030|2403|||||0||0||||||||||||||||||||
|C170|27|0000197120||5,00000|PC|140,28||0|030|2403|||||0||0||||||||||||||||||||
|C170|28|0000274075||10,00000|PC|262,18||0|030|2403|||||0||0||||||||||||||||||||
|C170|29|0000197340||1,00000|PC|11,43||0|030|2403|||||0||0||||||||||||||||||||
|C170|30|00000197310||4,00000|PC|124,92||0|030|2403|||||0||0||||||||||||||||||||
|C170|31|0000197102||4,00000|PC|202,30||0|030|2403|||||0||0||||||||||||||||||||
|C170|32|0000197103||2,00000|PC|19,43||0|030|2403|||||0||0||||||||||||||||||||
|C170|33|0000274120||2,00000|PC|127,63||0|030|2403|||||0||0||||||||||||||||||||
|C170|34|0000274210||2,00000|PC|87,71||0|030|2403|||||0||0||||||||||||||||||||
|C170|35|0000274205||2,00000|PC|97,41||0|030|2403|||||0||0||||||||||||||||||||
|C170|36|0000274215||2,00000|PC|77,64||0|030|2403|||||0||0||||||||||||||||||||
|C170|37|0000530135||2,00000|PC|14,81||0|030|2403|||||0||0||||||||||||||||||||
|C170|38|0000530185||4,00000|PC|39,67||0|030|2403|||||0||0||||||||||||||||||||
|C170|39|0000530220||4,00000|PC|30,93||0|030|2403|||||0||0||||||||||||||||||||
|C170|40|0000530195||10,00000|PC|91,40||0|030|2403|||||0||0||||||||||||||||||||
|C170|41|0000250060||2,00000|PC|44,84||0|030|2403|||||0||0||||||||||||||||||||
|C170|42|0000250011||5,00000|PC|154,45||0|030|2403|||||0||0||||||||||||||||||||
|C170|43|0000250055||4,00000|PC|127,24||0|030|2403|||||0||0||||||||||||||||||||
|C170|44|0000250012||2,00000|PC|63,62||0|030|2403|||||0||0||||||||||||||||||||
|C170|45|0000250150||2,00000|PC|50,37||0|030|2403|||||0||0||||||||||||||||||||
|C170|46|0000250037||4,00000|PC|113,20||0|030|2403|||||0||0||||||||||||||||||||
|C170|47|0000143005||4,00000|PC|58,10||0|030|2403|||||0||0||||||||||||||||||||
|C170|48|0000143405||4,00000|PC|44,71||0|030|2403|||||0||0||||||||||||||||||||
|C170|49|0000143195||30,00000|PC|248,06||0|030|2403|||||0||0||||||||||||||||||||
|C170|50|0000403115||20,00000|PC|65,87||0|030|2403|||||0||0||||||||||||||||||||
|C170|51|0000586135||200,00000|PC|704,12||0|030|2403|||||0||0||||||||||||||||||||
|C170|52|0000530507||2,00000|PC|94,26||0|030|2403|||||0||0||||||||||||||||||||
|C170|53|0000143135||20,00000|PC|84,80||0|030|2403|||||0||0||||||||||||||||||||
|C170|54|0000143015||10,00000|PC|31,74||0|030|2403|||||0||0||||||||||||||||||||
|C170|55|0000143140||2,00000|PC|30,89||0|030|2403|||||0||0||||||||||||||||||||
|C170|56|0000359016||4,00000|PC|32,04||0|030|2403|||||0||0||||||||||||||||||||
|C170|57|0000359026||100,00000|PC|181,71||0|030|2403|||||0||0||||||||||||||||||||
|C170|58|0000359031||4,00000|PC|6,71||0|030|2403|||||0||0||||||||||||||||||||
|C170|59|0000177160||2,00000|UN|312,47||0|030|2403|||||0||0||||||||||||||||||||
|C170|60|0000143205||4,00000|PC|29,10||0|030|2403|||||0||0||||||||||||||||||||
|C190|030|2403||10147,73|0|0|0|0|0|0||
|C100|0|1|800010297|55|00|1|000023492|43110487556601000163550010000234921814139621|06042011|13042011|29333,85|1|||21435,80|9||||0|0||||||||
|C170|1|0000084208||50,00000|PC|1668,96||0|030|2403|||||0||0||||||||||||||||||||
|C170|2|0000084218||30,00000|PC|1078,33||0|030|2403|||||0||0||||||||||||||||||||
|C170|3|0000084238||6,00000|PC|379,10||0|030|2403|||||0||0||||||||||||||||||||
|C170|4|0000084244||6,00000|PC|477,97||0|030|2403|||||0||0||||||||||||||||||||
|C170|5|0000084228||32,00000|PC|2346,46||0|030|2403|||||0||0||||||||||||||||||||
|C170|6|0000084210||30,00000|PC|991,14||0|030|2403|||||0||0||||||||||||||||||||
|C170|7|0000084212||10,00000|PC|346,90||0|030|2403|||||0||0||||||||||||||||||||
|C170|8|0000084250||20,00000|PC|851,65||0|030|2403|||||0||0||||||||||||||||||||
|C170|9|0000084252||20,00000|PC|737,30||0|030|2403|||||0||0||||||||||||||||||||
|C170|10|0000084150||210,00000|UN|1418,36||0|030|2403|||||0||0||||||||||||||||||||
|C170|11|0000084130||210,00000|UN|1418,36||0|030|2403|||||0||0||||||||||||||||||||
|C170|12|0000084050||1020,00000|PC|7979,77||0|030|2403|||||0||0||||||||||||||||||||
|C170|13|0000084135||30,00000|UN|274,97||0|030|2403|||||0||0||||||||||||||||||||
|C170|14|0000084140||160,00000|UN|1466,53||0|030|2403|||||0||0||||||||||||||||||||
|C190|030|2403||29333,85|0|0|0|0|0|0||
|C100|0|1|800010243|55|00|1|000001214|35110303786219000156550010000012140000012140|03032011|02042011|3284,02|1|||2811,65|9||||0|0||||||||
|C170|1|0000420290||50,00000|PC|346,50||0|030|2403|||||0||0||||||||||||||||||||
|C170|2|0000420690||50,00000|PC|208,50||0|030|2403|||||0||0||||||||||||||||||||
|C170|3|0000420609||30,00000|PC|125,10||0|030|2403|||||0||0||||||||||||||||||||
|C170|4|0000421615||20,00000|PC|83,40||0|030|2403|||||0||0||||||||||||||||||||
|C170|5|0000420011||9,00000|PC|150,30||0|030|2403|||||0||0||||||||||||||||||||
|C170|6|0000420760||30,00000|PC|248,10||0|030|2403|||||0||0||||||||||||||||||||
|C170|7|0000515302||10,00000|PC|23,60||0|030|2403|||||0||0||||||||||||||||||||
|C170|8|0000515303||10,00000|PC|23,60||0|030|2403|||||0||0||||||||||||||||||||
|C170|9|0000515325||10,00000|PC|83,40||0|030|2403|||||0||0||||||||||||||||||||
|C170|10|0000595415||20,00000|PC|173,80||0|030|2403|||||0||0||||||||||||||||||||
|C170|11|0000421710||10,00000|PC|67,60||0|030|2403|||||0||0||||||||||||||||||||
|C170|12|0000421705||10,00000|PC|67,60||0|030|2403|||||0||0||||||||||||||||||||
|C170|13|0000421695||10,00000|PC|67,60||0|030|2403|||||0||0||||||||||||||||||||
|C170|14|0000421725||10,00000|PC|67,60||0|030|2403|||||0||0||||||||||||||||||||
|C170|15|0000421475||10,00000|PC|67,60||0|030|2403|||||0||0||||||||||||||||||||
|C170|16|0000421825||20,00000|PC|135,20||0|030|2403|||||0||0||||||||||||||||||||
|C170|17|0000421840||10,00000|PC|67,60||0|030|2403|||||0||0||||||||||||||||||||
|C170|18|0000515550||15,00000|PC|205,65||0|030|2403|||||0||0||||||||||||||||||||
|C170|19|0000515560||20,00000|PC|274,20||0|030|2403|||||0||0||||||||||||||||||||
|C170|20|0000515322||10,00000|PC|22,90||0|030|2403|||||0||0||||||||||||||||||||
|C170|21|0000420062||20,00000|PC|301,80||0|030|2403|||||0||0||||||||||||||||||||
|C190|030|2403||3284,02|0|0|0|0|0|0||
|C100|0|1|13461|55|00|1|000004735|23110410603887000166550010000047351199770747|26042011|27042011|14048,87|1|||14048,87|9||||0|0||||||||
|C170|1|0000071031||5,00000|PC|132,61||0|030|1403|||||0||0||||||||||||||||||||
|C170|2|0000071033||5,00000|UN|154,67||0|030|1403|||||0||0||||||||||||||||||||
|C170|3|0000071035||5,00000|UN|132,61||0|030|1403|||||0||0||||||||||||||||||||
|C170|4|0000071051||5,00000|UN|56,20||0|030|1403|||||0||0||||||||||||||||||||
|C170|5|0000071003||5,00000|UN|24,25||0|030|1403|||||0||0||||||||||||||||||||
|C170|6|0000071070||5,00000|PC|24,25||0|030|1403|||||0||0||||||||||||||||||||
|C170|7|0000071090||10,00000|PC|198,34||0|030|1403|||||0||0||||||||||||||||||||
|C170|8|0000071088||10,00000|PC|56,67||0|030|1403|||||0||0||||||||||||||||||||
|C170|9|0000071046||10,00000|PC|60,98||0|030|1403|||||0||0||||||||||||||||||||
|C170|10|0000071068||10,00000|UN|166,55||0|030|1403|||||0||0||||||||||||||||||||
|C170|11|0000071067||10,00000|PC|166,55||0|030|1403|||||0||0||||||||||||||||||||
|C170|12|0000071068||10,00000|UN|166,55||0|030|1403|||||0||0||||||||||||||||||||
|C170|13|0000071073||10,00000|PC|47,24||0|030|1403|||||0||0||||||||||||||||||||
|C170|14|0000071189||10,00000|PC|132,25||0|030|1403|||||0||0||||||||||||||||||||
|C170|15|0000071016||20,00000|PC|118,78||0|030|1403|||||0||0||||||||||||||||||||
|C170|16|0000071188||20,00000|PC|118,78||0|030|1403|||||0||0||||||||||||||||||||
|C170|17|0000071092||20,00000|PC|54,01||0|030|1403|||||0||0||||||||||||||||||||
|C170|18|0000071021||20,00000|PC|72,06||0|030|1403|||||0||0||||||||||||||||||||
|C170|19|0000071187||20,00000|PC|72,06||0|030|1403|||||0||0||||||||||||||||||||
|C170|20|0000071022||20,00000|PC|118,51||0|030|1403|||||0||0||||||||||||||||||||
|C170|21|0000071093||20,00000|UN|132,31||0|030|1403|||||0||0||||||||||||||||||||
|C170|22|0000071034||20,00000|PC|561,76||0|030|1403|||||0||0||||||||||||||||||||
|C170|23|0000071036||20,00000|PC|692,22||0|030|1403|||||0||0||||||||||||||||||||
|C170|24|0000071045||20,00000|PC|121,95||0|030|1403|||||0||0||||||||||||||||||||
|C170|25|0000071186||20,00000|PC|447,23||0|030|1403|||||0||0||||||||||||||||||||
|C170|26|0000071055||20,00000|PC|95,15||0|030|1403|||||0||0||||||||||||||||||||
|C170|27|0000071064||20,00000|UN|69,81||0|030|1403|||||0||0||||||||||||||||||||
|C170|28|0000071075||20,00000|UN|97,01||0|030|1403|||||0||0||||||||||||||||||||
|C170|29|0000071083||20,00000|PC|231,31||0|030|1403|||||0||0||||||||||||||||||||
|C170|30|0000071101||30,00000|PC|134,57||0|030|1403|||||0||0||||||||||||||||||||
|C170|31|0000070382||30,00000|PC|424,01||0|030|1403|||||0||0||||||||||||||||||||
|C170|32|0000071006||30,00000|PC|130,39||0|030|1403|||||0||0||||||||||||||||||||
|C170|33|0000071005||30,00000|UN|147,11||0|030|1403|||||0||0||||||||||||||||||||
|C170|34|0000071007||30,00000|UN|154,87||0|030|1403|||||0||0||||||||||||||||||||
|C170|35|0000071010||30,00000|PC|147,11||0|030|1403|||||0||0||||||||||||||||||||
|C170|36|0000071008||30,00000|PC|154,87||0|030|1403|||||0||0||||||||||||||||||||
|C170|37|0000071080||30,00000|PC|214,79||0|030|1403|||||0||0||||||||||||||||||||
|C170|38|0000071099||30,00000|PC|134,57||0|030|1403|||||0||0||||||||||||||||||||
|C170|39|0000071104||30,00000|PC|138,75||0|030|1403|||||0||0||||||||||||||||||||
|C170|40|0000071028||50,00000|PC|294,95||0|030|1403|||||0||0||||||||||||||||||||
|C170|41|0000071098||50,00000|PC|223,95||0|030|1403|||||0||0||||||||||||||||||||
|C170|42|0000071102||50,00000|UN|153,61||0|030|1403|||||0||0||||||||||||||||||||
|C170|43|0000071105||50,00000|PC|231,25||0|030|1403|||||0||0||||||||||||||||||||
|C170|44|0000071038||50,00000|PC|327,13||0|030|1403|||||0||0||||||||||||||||||||
|C170|45|0000071059||50,00000|PC|141,67||0|030|1403|||||0||0||||||||||||||||||||
|C170|46|0000071113||50,00000|PC|320,50||0|030|1403|||||0||0||||||||||||||||||||
|C170|47|0000071076||45,00000|PC|520,46||0|030|1403|||||0||0||||||||||||||||||||
|C170|48|0000071103||50,00000|PC|153,61||0|030|1403|||||0||0||||||||||||||||||||
|C170|49|0000071191||100,00000|UN|60,38||0|030|1403|||||0||0||||||||||||||||||||
|C170|50|0000071193||100,00000|PC|371,59||0|030|1403|||||0||0||||||||||||||||||||
|C170|51|0000071056||100,00000|UN|34,50||0|030|1403|||||0||0||||||||||||||||||||
|C170|52|0000071063||100,00000|PC|140,01||0|030|1403|||||0||0||||||||||||||||||||
|C170|53|0000071185||80,00000|PC|232,51||0|030|1403|||||0||0||||||||||||||||||||
|C170|54|0000071029||200,00000|PC|168,54||0|030|1403|||||0||0||||||||||||||||||||
|C170|55|0000071030||200,00000|PC|396,80||0|030|1403|||||0||0||||||||||||||||||||
|C170|56|0000071050||200,00000|PC|152,62||0|030|1403|||||0||0||||||||||||||||||||
|C170|57|0000071055||200,00000|PC|222,95||0|030|1403|||||0||0||||||||||||||||||||
|C170|58|0000071011||200,00000|PC|980,73||0|030|1403|||||0||0||||||||||||||||||||
|C170|59|0000071089||300,00000|PC|53,75||0|030|1403|||||0||0||||||||||||||||||||
|C170|60|0000071027||300,00000|PC|173,19||0|030|1403|||||0||0||||||||||||||||||||
|C170|61|0000071192||300,00000|PC|230,92||0|030|1403|||||0||0||||||||||||||||||||
|C170|62|0000071117||400,00000|PC|549,42||0|030|1403|||||0||0||||||||||||||||||||
|C170|63|0000071057||500,00000|PC|514,25||0|030|1403|||||0||0||||||||||||||||||||
|C170|64|0000071058||500,00000|PC|743,18||0|030|1403|||||0||0||||||||||||||||||||
|C170|65|0000071081||50,00000|PC|352,69||0|030|1403|||||0||0||||||||||||||||||||
|C190|030|1403||14048,87|0|0|0|0|0|0||
|C100|0|1|800010243|55|00|1|000001212|35110303786219000156550010000012120000012120|03032011|02042011|8763,72|1|||7503,24|9||||0|0||||||||
|C170|1|0000420131||10,00000|PC|107,80||0|030|2403|||||0||0||||||||||||||||||||
|C170|2|0000420081||20,00000|PC|228,60||0|030|2403|||||0||0||||||||||||||||||||
|C170|3|0000420082||20,00000|UN|209,40||0|030|2403|||||0||0||||||||||||||||||||
|C170|4|0000420083||10,00000|UN|107,70||0|030|2403|||||0||0||||||||||||||||||||
|C170|5|0000420115||20,00000|PC|92,60||0|030|2403|||||0||0||||||||||||||||||||
|C170|6|0000420084||5,00000|UN|32,10||0|030|2403|||||0||0||||||||||||||||||||
|C170|7|0000421626||1,00000|PC|2,71||0|030|2403|||||0||0||||||||||||||||||||
|C170|8|0000515002||2,00000|PC|12,04||0|030|2403|||||0||0||||||||||||||||||||
|C170|9|0000595725||1,00000|PC|5,51||0|030|2403|||||0||0||||||||||||||||||||
|C170|10|0000420039||5,00000|PC|55,60||0|030|2403|||||0||0||||||||||||||||||||
|C170|11|0000421628||10,00000|UN|111,20||0|030|2403|||||0||0||||||||||||||||||||
|C170|12|0000235061||2,00000|UN|29,86||0|030|2403|||||0||0||||||||||||||||||||
|C170|13|0000235062||20,00000|UN|298,60||0|030|2403|||||0||0||||||||||||||||||||
|C170|14|0000235063||10,00000|UN|149,30||0|030|2403|||||0||0||||||||||||||||||||
|C170|15|0000420106||2,00000|UN|36,28||0|030|2403|||||0||0||||||||||||||||||||
|C170|16|0000420107||10,00000|UN|181,40||0|030|2403|||||0||0||||||||||||||||||||
|C170|17|0000420108||10,00000|UN|181,40||0|030|2403|||||0||0||||||||||||||||||||
|C170|18|0000420109||2,00000|UN|36,28||0|030|2403|||||0||0||||||||||||||||||||
|C170|19|0000420111||2,00000|UN|36,28||0|030|2403|||||0||0||||||||||||||||||||
|C170|20|0000420112||2,00000|UN|36,28||0|030|2403|||||0||0||||||||||||||||||||
|C170|21|0000420113||2,00000|UN|36,28||0|030|2403|||||0||0||||||||||||||||||||
|C170|22|0000420086||2,00000|UN|11,32||0|030|2403|||||0||0||||||||||||||||||||
|C170|23|0000420087||10,00000|UN|56,60||0|030|2403|||||0||0||||||||||||||||||||
|C170|24|0000420088||10,00000|UN|56,60||0|030|2403|||||0||0||||||||||||||||||||
|C170|25|0000420089||2,00000|UN|11,32||0|030|2403|||||0||0||||||||||||||||||||
|C170|26|0000420114||2,00000|UN|11,32||0|030|2403|||||0||0||||||||||||||||||||
|C170|27|0000420116||2,00000|UN|11,32||0|030|2403|||||0||0||||||||||||||||||||
|C170|28|0000420117||2,00000|UN|11,32||0|030|2403|||||0||0||||||||||||||||||||
|C170|29|0000595101||2,00000|UN|22,66||0|030|2403|||||0||0||||||||||||||||||||
|C170|30|0000595102||5,00000|UN|56,65||0|030|2403|||||0||0||||||||||||||||||||
|C170|31|0000595103||2,00000|UN|22,66||0|030|2403|||||0||0||||||||||||||||||||
|C170|32|0000420091||4,00000|PC|45,48||0|030|2403|||||0||0||||||||||||||||||||
|C170|33|0000595104||10,00000|UN|125,30||0|030|2403|||||0||0||||||||||||||||||||
|C170|34|0000595106||2,00000|UN|25,06||0|030|2403|||||0||0||||||||||||||||||||
|C170|35|0000595107||10,00000|UN|125,30||0|030|2403|||||0||0||||||||||||||||||||
|C170|36|0000595061||10,00000|PC|139,30||0|030|2403|||||0||0||||||||||||||||||||
|C170|37|0000595114||5,00000|PC|69,65||0|030|2403|||||0||0||||||||||||||||||||
|C170|38|0000595115||5,00000|PC|69,65||0|030|2403|||||0||0||||||||||||||||||||
|C170|39|0000595117||5,00000|UN|69,65||0|030|2403|||||0||0||||||||||||||||||||
|C170|40|0000595118||5,00000|UN|69,65||0|030|2403|||||0||0||||||||||||||||||||
|C170|41|0000420096||20,00000|PC|308,00||0|030|2403|||||0||0||||||||||||||||||||
|C170|42|0000420072||4,00000|PC|61,60||0|030|2403|||||0||0||||||||||||||||||||
|C170|43|0000420097||6,00000|PC|92,40||0|030|2403|||||0||0||||||||||||||||||||
|C170|44|0000420124||10,00000|UN|154,00||0|030|2403|||||0||0||||||||||||||||||||
|C170|45|0000420125||10,00000|UN|154,00||0|030|2403|||||0||0||||||||||||||||||||
|C170|46|0000142035||3,00000|PC|52,59||0|030|2403|||||0||0||||||||||||||||||||
|C170|47|0000142036||10,00000|UN|175,30||0|030|2403|||||0||0||||||||||||||||||||
|C170|48|0000142037||3,00000|UN|52,59||0|030|2403|||||0||0||||||||||||||||||||
|C170|49|0000142038||3,00000|UN|52,59||0|030|2403|||||0||0||||||||||||||||||||
|C170|50|0000142039||2,00000|UN|35,06||0|030|2403|||||0||0||||||||||||||||||||
|C170|51|0000142041||3,00000|UN|52,59||0|030|2403|||||0||0||||||||||||||||||||
|C170|52|0000142042||3,00000|UN|52,59||0|030|2403|||||0||0||||||||||||||||||||
|C170|53|0000142043||3,00000|UN|52,59||0|030|2403|||||0||0||||||||||||||||||||
|C170|54|0000420126||2,00000|UN|34,82||0|030|2403|||||0||0||||||||||||||||||||
|C170|55|0000420127||2,00000|PC|34,82||0|030|2403|||||0||0||||||||||||||||||||
|C170|56|0000420128||2,00000|PC|34,82||0|030|2403|||||0||0||||||||||||||||||||
|C170|57|0000420129||6,00000|PC|104,46||0|030|2403|||||0||0||||||||||||||||||||
|C170|58|0000515070||10,00000|UN|273,00||0|030|2403|||||0||0||||||||||||||||||||
|C170|59|0000515061||10,00000|UN|273,00||0|030|2403|||||0||0||||||||||||||||||||
|C170|60|0000515062||10,00000|PC|273,00||0|030|2403|||||0||0||||||||||||||||||||
|C170|61|0000515063||5,00000|PC|136,50||0|030|2403|||||0||0||||||||||||||||||||
|C170|62|0000515071||5,00000|UN|136,50||0|030|2403|||||0||0||||||||||||||||||||
|C170|63|0000515072||5,00000|UN|136,50||0|030|2403|||||0||0||||||||||||||||||||
|C170|64|0000235036||6,00000|PC|84,00||0|030|2403|||||0||0||||||||||||||||||||
|C170|65|0000235037||6,00000|PC|84,00||0|030|2403|||||0||0||||||||||||||||||||
|C170|66|0000235038||6,00000|UN|84,00||0|030|2403|||||0||0||||||||||||||||||||
|C170|67|0000235045||6,00000|UN|84,00||0|030|2403|||||0||0||||||||||||||||||||
|C170|68|0000595119||10,00000|UN|204,10||0|030|2403|||||0||0||||||||||||||||||||
|C170|69|0000595121||20,00000|UN|300,20||0|030|2403|||||0||0||||||||||||||||||||
|C170|70|0000515073||20,00000|PC|218,60||0|030|2403|||||0||0||||||||||||||||||||
|C170|71|0000515074||10,00000|UN|109,30||0|030|2403|||||0||0||||||||||||||||||||
|C170|72|0000515075||5,00000|UN|54,65||0|030|2403|||||0||0||||||||||||||||||||
|C170|73|0000420132||6,00000|UN|68,28||0|030|2403|||||0||0||||||||||||||||||||
|C170|74|0000420133||10,00000|PC|113,80||0|030|2403|||||0||0||||||||||||||||||||
|C170|75|0000420134||6,00000|UN|68,28||0|030|2403|||||0||0||||||||||||||||||||
|C170|76|0000420135||6,00000|UN|68,28||0|030|2403|||||0||0||||||||||||||||||||
|C170|77|0000420136||4,00000|UN|17,52||0|030|2403|||||0||0||||||||||||||||||||
|C170|78|0000235047||10,00000|UN|43,80||0|030|2403|||||0||0||||||||||||||||||||
|C170|79|0000235048||4,00000|UN|17,52||0|030|2403|||||0||0||||||||||||||||||||
|C170|80|0000235049||10,00000|UN|52,20||0|030|2403|||||0||0||||||||||||||||||||
|C170|81|0000420136||4,00000|UN|35,00||0|030|2403|||||0||0||||||||||||||||||||
|C170|82|0000420137||4,00000|UN|35,00||0|030|2403|||||0||0||||||||||||||||||||
|C170|83|0000420139||2,00000|UN|19,72||0|030|2403|||||0||0||||||||||||||||||||
|C170|84|0000420138||2,00000|PC|9,64||0|030|2403|||||0||0||||||||||||||||||||
|C190|030|2403||8763,72|0|0|0|0|0|0||
|C100|1|0||55|05|1|000014964||||||||||||||||||||||
|C100|1|0||55|05|1|000014960||||||||||||||||||||||
|C100|1|0||55|05|1|000014961||||||||||||||||||||||
|C100|1|0|17984|55|00|1|000015638|23110407324443000187550010000156381040106129|18042011|18042011|1297,21|1|||1281,85|1||||1281,85|153,82|161,70|15,36||||||
|C190|000|6403|12,00|1180,79|1180,79|141,69|0|0|0|0||
|C190|010|6403|12,00|116,42|101,06|12,13|161,70|15,36|0|0||
|C100|1|0|17984|55|00|1|000015639|23110407324443000187550010000156391810094230|18042011|18042011|482,90|1|||468,76|1||||468,76|56,25|148,86|14,14||||||
|C190|000|6403|12,00|375,72|375,72|45,09|0|0|0|0||
|C190|010|6403|12,00|107,18|93,04|11,16|148,86|14,14|0|0||
|C100|1|0|13056|55|00|1|000015774|23110407324443000187550010000157741392707651|25042011|25042011|1805,82|1|||1746,00|1||||1746,00|209,52|629,67|59,82||||||
|C190|000|6403|12,00|1352,46|1352,46|162,30|0|0|0|0||
|C190|010|6403|12,00|453,36|393,54|47,22|629,67|59,82|0|0||
|C100|1|0|5072|55|00|1|000015925|23110407324443000187550010000159251263401706|28042011|28042011|1216,77|1|||1173,96|1||||1173,96|140,88|450,62|42,81||||||
|C190|000|6403|12,00|892,32|892,32|107,08|0|0|0|0||
|C190|010|6403|12,00|324,45|281,64|33,80|450,62|42,81|0|0||
|C100|1|0|13397|55|00|1|000016016|23110407324443000187550010000160161666910150|29042011|29042011|1064,01|1|||1049,74|1||||1049,74|125,97|150,21|14,27||||||
|C190|000|6403|12,00|955,86|955,86|114,70|0|0|0|0||
|C190|010|6403|12,00|108,15|93,88|11,27|150,21|14,27|0|0||
|C100|0|1|800010141|55|00|0|000028998|23110441451030000100550000000289981138887353|28042011|28042011|815,23|0|101,91||917,14|1||||0|0||||||||
|C170|1|1337057080||1,00000|UND|65,52|7,28|0|030|1403|||||0||0||||||||58,24||||||58,24||||||
|C170|2|504086312||1,00000|UND|101,97|11,33|0|030|1403|||||0||0||||||||90,64||||||90,64||||||
|C170|3|504104988||1,00000|UND|129,50|14,39|0|030|1403|||||0||0||||||||115,11||||||115,11||||||
|C170|4|504270688||1,00000|UN|58,63|6,51|0|030|1403|||||0||0||||||||52,12||||||52,12||||||
|C170|5|7081500||6,00000|UND|75,22|8,36|0|030|1403|||||0||0||||||||66,86||||||66,86||||||
|C170|6|71753740||1,00000|UN|62,22|6,91|0|030|1403|||||0||0||||||||55,31||||||55,31||||||
|C170|7|77362340||1,00000|UND|138,76|15,42|0|030|1403|||||0||0||||||||123,34||||||123,34||||||
|C170|8|99456476||1,00000|UND|161,39|17,94|0|030|1403|||||0||0||||||||143,45||||||143,45||||||
|C170|9|99461357||1,00000|UND|123,93|13,77|0|030|1403|||||0||0||||||||110,16||||||110,16||||||
|C190|030|1403||815,23|0|0|0|0|0|0||
|C990|3037|
|D001|1|
|D990|2|
|E001|0|
|E100|01042011|30042011|
|E110|686,44|0|0|0|0|0|0|0|0|686,44|0|686,44|0|0|
|E116|000|686,44|20052011|1015|||||042011|
|E200|CE|01042011|30042011|
|E210|1|0|0|0|0|0|0|0|0|0|0|0|0|14754,60|
|E220|CE150001|DÈbitos Especiais|14754,60|
|E240|3990|55|1||000003750|02042011||916,02|
|E240|10412|55|2||000034863|20042011||1062,27|
|E240|3997|55|1||000051139|06042011||148,91|
|E240|4727|55|1||000002681|08042011||6,46|
|E240|11231|55|1||000004166|26042011||308,42|
|E240|17710|55|1||000000421|11042011||2402,40|
|E240|17518|55|4||000001135|28042011||1836,54|
|E240|17518|55|4||000001136|28042011||3122,13|
|E240|10545|55|1||000000326|11042011||160,10|
|E240|10544|55|2||000082599|19042011||426,15|
|E240|800010236|55|0||000004730|05042011||1629,88|
|E240|800010236|55|0||000004535|02042011||920,34|
|E240|10412|55|2||000033102|01042011||1814,98|
|E250|001|14754,60|20052011|1031|||||042011|
|E200|PB|01042011|30042011|
|E210|1|0|0|0|0|0|146,40|0|0|146,40|0|146,40|0|0|
|E250|002|146,40|25052011||||||042011|
|E990|25|
|G001|1|
|G990|2|
|H001|1|
|H990|2|
|1001|1|
|1990|2|
|9001|0|
|9900|0000|1|
|9900|0001|1|
|9900|0005|1|
|9900|0100|1|
|9900|0150|406|
|9900|0190|3|
|9900|0200|594|
|9900|0220|107|
|9900|0990|1|
|9900|C001|1|
|9900|C100|1157|
|9900|C170|697|
|9900|C190|1181|
|9900|C990|1|
|9900|D001|1|
|9900|D990|1|
|9900|E001|1|
|9900|E100|1|
|9900|E110|1|
|9900|E116|1|
|9900|E200|2|
|9900|E210|2|
|9900|E220|1|
|9900|E240|13|
|9900|E250|2|
|9900|E990|1|
|9900|G001|1|
|9900|G990|1|
|9900|H001|1|
|9900|H990|1|
|9900|1001|1|
|9900|1990|1|
|9900|9001|1|
|9900|9990|1|
|9900|9999|1|
|9900|9900|36|
|9990|39|
|9999|4224|
