|0000|004|1|01102011|31102011|MARK C A COMERCIO DISTRIBUIDORA E IMPORTACAO LTDA|07324443000187||CE|061798924|2304400|||B|1|
|0001|0|
|0005|MARK|60351364|AV CEL CARVALHO|2978||OLAVO OLIVEIRA|8530212896|8532272896|companynordeste@hotmail.com|
|0100|JOSE IVAN COELHO DE ALMEIDA|01567039391|003048||60120340|RUA PROFESSOR CARVALHO|4136||SAO JOAO TAUAPE|8530212896|8532272896|jivancontabil1950@gmail.com|2304400|
|0150|1000|JOSE ERNESTO DE SOUSA COSTA|1058|63489009000128||068898118|2301109||RUA BARRO DE MESSEJANA|1023||CENTRO|
|0150|1040|JOAO RODRIGUES DA SILVA NETO - ME|1058|07820913000101||060053593|2302701||RUA- BARBARA PEREIRA DE ALENCAR|078||CENTRO|
|0150|1061|FRANCISCO WILLIAM CAVALCANTE SILVA|1058|07795172000148||069782830|2305506||RUA 23 DE NOVEMBRO|203||CENTRO|
|0150|1078|CLELIO ANTONIO DE OLIVEIRA - ME|1058|35506500000184||160897424|2510808||PEDRO CAETANO|26||CENTRO|
|0150|1267|ERASMO TOME UCHOA|1058|63393169000179||068727160|2305506||RUA DEP. ADAIL BARRETO CAVLCANTE|212||CENTRO|
|0150|1513|GERBSON M DE GOES MICROEMPRESA|1058|02455015000170||062695045|2305506||RUA MAELETE CORTEZ|330||MORENAO|
|0150|1514|FRANCISCO LIANDRO ME|1058|41314352000107||060826380|2305506||RUA PLACIDO CASTELO|042||MORENAO|
|0150|1536|FABIO VIEIRA DE ALENCAR|1058|12228730000123||060796090|2302701||RUA JOAO SEVERO CORTEZ|909||CENTRO|
|0150|1599|JOSE JAIME BONFIM ME|1058|05697256000113||066805562|2305506||RUA TREZE DE MAIO|694||CENTRO|
|0150|1677|HELIO SILVA DE ARAUJO ME|1058|04758647000138||063175630|2300309||RUA DR TIBURCIO SOARES|076||CENTRO|
|0150|1756|MARCIA MARIA LIMA ME|1058|05623321000166||066782333|2309508||RUA JOSE ALVES CAETANO|655||CENTRO|
|0150|1923|MARIO NOGUEIRA PECAS ME|1058|05579544000173||066772524|2306900||RUA CONEGO MOURAO|190|A|CENTRO|
|0150|1942|MICHEL PLATINI GONCALVES F DE OLIVEIRA M|1058|05125733000176||066673313|2314003||RUA ANTONIO ALVES LIMA|856||JUREMAL|
|0150|2051|M G DE PAIVA LIMA|1058|03600395000151||062918940|2311801||AV.CEL ARAUJO LIMA||956|CENTRO|
|0150|2058|ANTONIO ALVES DE ALENCAR|1058|07812555000187||068062540|2300309||RUA PEDRO ALVES DE OLIVEIRA|434||CENTRO|
|0150|2133|AUGE MOTOS LTDA|1058|00937829000115||069639302|2304400||AV. BEZERRA DE MENEZES||1665|SAO GERARDO|
|0150|2347|LUCAS LUCIANO COMERCIO DE PECAS E SERVIC|1058|01645265000100||069831602|2305407||RUA PIQUET CARNEIRO|204|(sem complemento)|CENTRO DE ICO|
|0150|2420|SODINE SOC.DIST.DO NE LTDA - MATRIZ|1058|07342785000120||061011789|2304400||AV.BORGES DE MELO,|1287||FATIMA|
|0150|2440|JOSE RIBAMAR TORRES DA COSTA ME|1058|00384995000131||069452113|2303501||RUA BENEDITO GALDINO LEMOS|2391||ALTO LUMINOSO|
|0150|2485|CIL COMERCIO DE INFORMATICA LTDA|1058|24073694000589||062639579|2304400||RD RODOVIA BR 116 - KM 6|2555||Cajazeiras|
|0150|2607|INDAIA BRASIL AGUAS MINERAIS LTDA|1058|00048785000334||068295359|2304400||R:ANTONIO NOGUEIRA 271/278 LAGOA REDONDA||271/278|LAGOA REDONDA|
|0150|2733|RAIMUNDO NONATO PEREIRA MOTOPECAS ME|1058|07891440000125||061920916|2302701||AV SETE DE SETEMBRO|196||CENTRO|
|0150|3034|J ERBENIO PEREIRA ME|1058|00741080000136||069673489|2300309||RUA PEDRO ALVES|248||CENTRO|
|0150|3052|F A DE ALENCAR LEITE ME|1058|08628030000159||062047604|2302701||RUA CARNEIRO DE MENDONCA|339||CENTRO|
|0150|3080|FRANCISCO ANTONIO CARVALHO ME|1058|06097452000110||066884381|2311801||PRACA DO MERCADO|06||CENTRO|
|0150|3094|AUTO POSTO VARZEA ALEGRE LTDA|1058|04352848000130||066995442|2314003||RUA DURVAL SOARES|400|(sem complemento)|CENTRO DE VARZEA ALEGRE|
|0150|3209|A UELITON BESERRA ME|1058|11737491000174||060584459|2306900||RUA SAVINO BARREIRA||715|CENTRO|
|0150|3405|A ISMAR DO NASCIMENTO|1058|07881447000166||061922480|2300309||RUA PEDRO ALVES DE OLIVEIRA|430||CENTRO|
|0150|3432|O MESMO|1058||||||||||
|0150|3691|PHILIPS ELETRONICA DO NORDESTE S/A||10918175000136||000219622|2607901||Rua Riachao||807  Modulo 4B|Bairro Prazeres|
|0150|3692|INDUSTRIAL LEVORIN S/A|1058|49032337000170||336008653110|3518800||AV.: MONTEIRO LOBATO||2495|SAO ROQUE|
|0150|3698|F J ROBERTO GONCALVES SAMPAIO EPP|1058|01870269000191||069885800|2309607||RUA CONEGO EDUARDO ARARIPE|1672||CENTRO|
|0150|3700|HORI COM DE PECAS ACESSORIOS E SERVICOS|1058|07316792000157||061790567|2304400||RUA GAL CLARINDO DE QUEIROZ|1101||CENTRO|
|0150|3705|JOSE ORLANDO DE SOUSA MOTOS ME|1058|06111697000154||066903670|2304251||VILA CAJUEIRINHO||S/N|ZONA RURAL|
|0150|3706|CICERO TALVANES LIMA GOMES EPP|1058|00904612000109||069640769|2302800||RUA JOAQUIM MAGALHAES|506||CENTRO|
|0150|3707|JOSE NILTON DE SOUZA ME|1058|03882758000199||060569557|2307809||RUA PRESIDENTE MEDICI|450||CENTRO|
|0150|3708|ANTONIO CARLOS CARNEIRO PECAS ME|1058|04046476000114||063088223|2312007||RUA DR MANUEL JOAQUIM|602||CENTRO|
|0150|3709|CLEUDIANO DE PAULA MENDONCA ME|1058|05542504000157||066763630|2313559||RUA PEDRO LEITAO|291||CENTRO|
|0150|3713|MARCO FABIO DA COSTA TEIXEIRA ME|1058|07507884000114||061837083|2307650||AV 12 JEREISSATI|134|A|CONJUNTO JEREISSATI|
|0150|3714|FRANCISCO NEY DE ALMEIDA SIQUEIRA ME|1058|05771594000158||066812801|2312700||RUA FRANCO MAGALHAES||S/N|CENTRO|
|0150|3720|ANTONIO REGINALDO TEIXEIRA MOTA|1058|01614464000150||069814139|2304400||RUA CLARINDO DE QUEIROZ|966||CENTRO|
|0150|3722|ARGEMIRO DIAS DE OLIVEIRA ME|1058|03268884000158||062844970|2301604||RUA TERTULIANO CATONHO|017||CENTRO|
|0150|3724|EVELINE HOLANDA LIMA ME|1058|04775822000103||063193590|2304400||AV OSCAR ARARIPE|206||BOM JARDIM|
|0150|3725|J B VASCONCELOS PECAS P/BICICLETAS|1058|02399948000197||062636740|2304400||RUA BOM JESUS|1408||BOM JARDIM|
|0150|3727|VALDECIR DE OLIVEIRA MENDES|1058|09120717000141||062154311|2305605||RUA ALEXANDRE BONFIM|105||CENTRO|
|0150|3734|ANTONIO GECILEIDE DE LIMA OLIVEIRA|1058|00402444000153||069459789|2304400||AV CEL CARVALHO|1145||BARRA DO CEARA|
|0150|3736|MARIA RENATA SOARES CAVALCANTE ME|1058|08870326000181||062095943|2309409||RUA ALVARO COELHO|214||CENTRO|
|0150|3738|J CORDEIRO LIMA PECAS ME|1058|05467294000180||066746744|2311264||RUA TENENTE JOSE LOPES||S\N|CENTRO|
|0150|3741|MARIA FREIRES CAETANO|1058|06188548000193||066962552|2304400||RUA PIERRE LUZ|1112||QUINTINO CUNHA|
|0150|3743|EDMAR BARRETO FILHO EPP|1058|72411614000177||069192952|2307601||RUA ESTEVAO REMIGIO DE FREITAS|995||CENTRO|
|0150|3745|MARIA OZANIR DE SOUSA FRANCA - ME|1058|41401563000179||068996977|2304400||RUA CONEGO DE CASTRO|5170||PARQUE SANTA ROSA|
|0150|3749|RAFAEL CORDEIRO ALVES ME|1058|08786604000117||062075438|2307650||RUA 40|020|A|CONJUNTO JEREISSATI|
|0150|3750|E S LINHARES COMERCIO ME|1058|02919825000130||194424286|2207702||AVENIDA DEPUTADO PINHEIRO MACHADO|792||RODOVIARIA|
|0150|3752|ERISBERTO AGUIAR DAMASCENO|1058|06243528000178||066913039|2309706||RODOVIA CE 060|11424||PARQUE ARATANHA|
|0150|3756|J DE PAULA COSTA|1058|09015411000125||062130625|2303709||RUA PEDRO GOMES DA ROCHA||S/N|C A G VIRGILIO TAVOR|
|0150|3757|F J TAVARES MENDONCA|1058|03669590000138||062930044|2308302||RUA MARCELINO LEITE|033||CENTRO|
|0150|3761|MANOEL ARY GUABIRABA FREIRE|1058||74144650391||2312502||RUA PEDRO PAULO|369||CENTRO|
|0150|3762|C R M OLIVEIRA ME|1058|02954276000134||062761820|2309607||RUA CONEGO EDUARDO ARARIPE|500||CENTRO|
|0150|3763|THIAGO LIMA BARRETO ME|1058|06022372000103||066873061|2307007||RUA CORONEL ANTONIO JOSE DE FREITAS|1118|ANEXO A 1126|LAGOA VERMELHA|
|0150|3764|VITAL IVO JUNIOR|1058|02836791000110||062734385|2307601||RUA ANISIO BATISTA|336||CENTRO|
|0150|3765|REGINA CLAUDIA BATISTA DOS SANTOS ME|1058|06164155000140||066897262|2304400||RUA DR JOAQUIM BENTO|||MESSEJANA|
|0150|3766|A TAVARES DE MENEZES ME|1058|02754532000140||062718878|2308104||AV SINVAL LACERDA|059||CENTRO|
|0150|3768|EDILEIDE DE LIMA MARCELINO ME|1058|08462804000114||062020870|2307304||AV CASTELO BRANCO|1320||PIRAJA|
|0150|3770|J R DE PAIVA|1058|63400857000119||068849818|2304400||AV A|1520||CONJ. CEARA|
|0150|3773|ANDERSON MOTA BASTOS ME|1058|05184646000190||066683823|2307650||ROD DOUTOR MENDEL STEINBRUCH|9805||PARQUE TROPICAL|
|0150|3783|FERNANDO CARVALHO MELO - EPP|1058|41448432000147||068493886|2305902||RUA DUQUE DE CAXIAS|26||CENTRO|
|0150|3784|CARLOS AFONSO ALVES DE LIMA ME|1058|04413710000102||063098130|2304400||RUA HIPOLITO PAMPLONA|146||ANTONIO BEZERRA|
|0150|3799|JOSEFA GONCALVES DA SILVA EPP|1058|04252999000117||063062607|2304400||RUA PEDRO CARDONIO UCHOA||42|BOM SUCESSO|
|0150|3808|JOSE DENIS ALVES LOPES|1058|07687464000167||061881333|2301000||RUA OTONI SA|016||CENTRO|
|0150|3809|CLAUDETE FERREIRA MORAES EPP|1058|03003996000187||062769456|2304400||AV MOZART PINHEIRO LUCENA|2761||ANTONIO BEZERRA|
|0150|3818|ERIDA LIMA DA SILVA MACIEL ME|1058|35227800000124||068549857|2304400||AV FERNANDES TAVORA|1671|(sem complemento)|HENRIQUE JORGE|
|0150|3821|J M MONTEIRO DE OLIVEIRA ME|1058|02754103000172||062710788|2304400||AV CASTELO BRANCO|5926||BARRA DO CEARA|
|0150|3823|MARIA JOSE ALVES LIMA|1058|01494081000196||069793506|2307304||RUA PIO X|955||CENTRO|
|0150|4027|FLAVIO ROBERTO BONILHA|1058|00549292000116||5080120984|4126603||ROD. PARIGOT DE SOUZA PR-092 KM-281||SL092281,|PARQUE INDUSTRIAL|
|0150|4034|KS PRODUTOS AUTOMOTIVOS LTDA|1058|01174144000127||482098262110|3533403||Rodovia Arnaldo Julio Mauerberg|4000|Bloco 01|Distrito Industrial 01|
|0150|4070|MARLON BONILHA EIRELI|1058|04200198000108||9022441237|4126603||RUA PENIDO ROSA|50|B. SALTINHO,  050|PARQUE INDUSTRIAL|
|0150|4086|GVS SPORT INDUSTRIA E COMERCIO DE PECAS|1058|04719725000195||433103674115|3528502||ESTRADA MUNICIPAL|1840|(sem complemento)|JUNDIAIZINHO|
|0150|4112|MOTOPECAS PLANETA LTDA|1058|02374503000152||069990948|2304400||RUA CLARINDO QUEIROZ|1053||CENTRO|
|0150|4133|MOTO PECAS LEAO DE JUDA LTDA ME|1058|03828413000157||062967398|2313401||RUA MADALENA NUNES|433||CENTRO|
|0150|4137|VEDAMOTORS IND. COM. DE JUNTAS LTDA|1058|85139558000105||252322746|4214805||ESTRADA BLUMENAU||2222|Bremer|
|0150|4153|MARIA LEDA SILVA PARENTE - ME|1058|07176522000198||062838130|2303709||RUA PREF JUACI PONTES||C A VIRG TAV BOX 22|CENTRO|
|0150|4155|MARCOS ANTONIO NOGUEIRA PEREIRA ME|1058|02513189000141||062661965|2304400||RUA CLARINDO DE QUEIROZ|954|A|CENTRO|
|0150|4167|FRANCISCO REGNOBERTO SIQUEIRA DA CUNHA|1058|02323115000142||062638572|2307205||RUA MAOEL LUIZ|19||CENTRO|
|0150|4173|JOSE SERGICELIO MOREIRA CHAVES|1058|04157128000114||063046423|2300705||RUA- FAUSTO CRISPIM|348|(sem complemento)|CENTRO DE ALTO SANTO|
|0150|4178|DOUGLAS FREITAS FONSECA|1058|00469174000106||069581657|2304400||AV MOZART PINHEIRO DE LUCENA|2468||QUINTINO CUNHA|
|0150|4182|DEUSDETE CUNHA E SILVA ME|1058|04506958000100||063119110|2310258||RUA FLAVIO GRANJEIRO 21||.|CENTRO|
|0150|4185|JORGEVAL DE S BEZERRA MOTA EPP|1058|01701736000150||069868085|2303600||RUA EZEQUIEL DOMINGUES|056||CENTRO|
|0150|4188|TD COM DE PECAS E SERV P/ MOTOS LTDA ME|1058|04916361000133||066640938|2307809||AV NEVES OSTERNO||732/3|CENTRO|
|0150|4192|ESTERLANIO G SAMPAIO ME|1058|05168111000125||066683688|2303501||AV CHANCELER EDSON QUEIROZ|2462||RIO NOVO|
|0150|4201|CAVALCANTE E RODRIGUES COMERCIO DE PECAS|1058|05670291000149||066791715|2304400||RUA OSCAR ARARIPE|1637||BOM JARDIM|
|0150|4203|GIGILIANA SARAIVA RABELO ME|1058|04476646000109||063119420|2301851||RUA QUEIROZ PESSOA|299||CENTRO|
|0150|4212|MOTAO PECAS P/ MOTOS LTDA|1058|01897664000168||069883386|2306306||RUA. MAJOR BARRETO|999||CENTRO|
|0150|4213|TEREZA FLAVIA COSTA E SILVA ME|1058|03968148000102||063001420|2304400||RUA AQUILES BORIS|174||MONTESE|
|0150|4221|F J G SAMPAIO EPP|1058|03480730000125||062888609|2305233||RUA FRANCISCO RAIMUNDO DE SOUSA|127||CENTRO|
|0150|4228|ADIEL DE CARVALHO NETO ME|1058|02205993000163||069965811|2311405||RUA BOUGEVAL LEAO|906||CENTRO|
|0150|4229|FRANCISCO FARLOS LIMA COSMO ME|1058|04070763000160||063019370|2311405||RUA TEIXEIRA DE FREITAS|108||CENTRO|
|0150|4230|JURA MOTOS LTDA ME|1058|05510475000141||066887100|2304400||RUA CLARINDO DE QUEIROZ|918||CENTRO|
|0150|4231|MOTO CENTER LTDA|1058|41436635000113||069003041|2304400||CLARINDO DE QUEIROZ|1106||CENTRO|
|0150|4237|MARIA ALVES DA SILVA MOTOS EPP|1058|05545092000109||066764637|2304400||AV CORONEL CARVALHO|1150||BARRA DO CEARA|
|0150|4241|MOTOPECAS LEMOS LTDA EPP|1058|04193649000127||063049864|2304400||RUA CLARINDO DE QUEIROZ||1004|CENTRO|
|0150|4264|GEORGE ANTONIO RIPARDO - ME|1058|04857065000109||063193736|2301000||RUA CEL. OSWALDO STUDART||S/N|DIST. DE IGUAPE|
|0150|4265|J C CARVALHO PNEUS|1058|04757215000102||063173573|2310308||RUA PEDRO ALVES DA COSTA S/N||.|CENTRO|
|0150|4281|JOSE SAMUEL DOS SANTOS OLIVEIRA ME|1058|04547588000159||063129523|2306553||RUA JOAO BATISTA RIOS||S/N VIZ A SILVIA|CENTRO|
|0150|4288|ELISA SABINA DA SILVA ME|1058|05591587000174||066776651|2301109||RUA AGAPITO DOS SANTOS|287||CENTRO|
|0150|4291|JOSE LEOMAR BARBOSA LIMA|1058|63561252000100||060447273|2301109||RUA CEL ALEXANDRINO|1568|(sem complemento)|CENTRO DE ARACATI|
|0150|4293|FARMACIA CASA DO REMEDIO LTDA|1058|05471955000221||066873738|2304400||TENENTE JURANDIR ALENCAR|260||MESSEJANA|
|0150|4295|J GONCALVES VASCONCELOS ME|1058|06184854000151||066902274|2309607||RUA POETA PEDRO CESARIO|95||CENTRO|
|0150|4305|JORGE DE CASTRO BOMFIM NETO ME|1058|05232371000112||066689910|2304400||AV GAL OSORIO DE PAIVA|2246||BOM SUCESSO|
|0150|4313|BEZERRA E MARTINS LTDA|1058|07582612000189||060007516|2304202||RUA SENADOR POMPEU|024|A|CENTRO|
|0150|4315|FRANCISCO IVAN OLIVEIRA JUVENCIO ME|1058|04327572000130||063084252|2310209||AV ANTONIO SALES||S/N|CENTRO|
|0150|4319|JOSE AIRTON SALES PROTASIO|1058||14568241391||2305209||RUA GERCI MACIEL DE FRANCA|350||CENTRO|
|0150|4328|IRANILDO AMARO DOS SANTOS ME|1058|41329111000123||066762359|2304202||RUA ALMIRANTE ALEXANDRINO|900||CENTRO|
|0150|4330|CARLOS MARJANE AMORIM VIANA-ME|1058|04304822000117||063095874|2303709||AV DOM ALMEIDA LUSTOSA|1705||PARQUE ALBANO|
|0150|4332|RITA DE KASIA ARAUJO ME|1058|01026014000147||069676054|2310258||RUA MARIA MOREIRA|282||CENTRAL|
|0150|4337|DAMIAO CARDOSO MOTOPECAS|1058||||2302503||AV JOAO INACIO DE LUCENA|36|(sem complemento)|CENTRO DE BREJO SANTO|
|0150|4339|JOSE MAGALHAES LIMA MICROEMPRESA|1058|04851664000115||063208156|2313807||RUA FARMACEUTICO JOSE RODRIGUES|219||CENTRO|
|0150|4363|FRANCISCO EDVALDO VIEIRA|1058|03712806000109||062947141|2305605||AV. 7 DE SETEMBRO|581||CENTRO|
|0150|4369|MANOEL MESSIAS VASCONCELOS JUNIOR ME|1058|04438862000151||066682495|2312007||RUA NONATO ARCANJO|97|(sem complemento)|CENTRO DE SANTANA DO ACARAU|
|0150|4376|F J B M TELES ME|1058|03781825000189||062963953|2300754||RUA PADRE PEDRO VITORAIANO|725|B|CENTRO|
|0150|4378|MARIA LUZANIRA AUPERES MARTINS ME|1058|03598493000100||062932578|2301950||RUA BOANERGES JACO|1048||CENTRO|
|0150|4379|JOSE RODRIGUES DA CRUZ ME|1058|01333375000136||069758530|2307254||RU 17 DE OUTUBRO||S/N|CENTRO|
|0150|4388|MOTOPECAS JOCA BEZERRA|1058|10502201000140||060217480|2304400||AV ALBERTO MAGNO|1038||MONTESE|
|0150|4409|J I S MAIA ME|1058|01895107000108||069882304|2307601||RUA SABINO ROBERTO 2611|||CENTRO|
|0150|4419|CLAUDIA QUEIROZ CAMELO PECAS ME|1058|07190627000100||067014054|2313351||RUA JOSE ANDRADE DE SOUSA|275||CENTRO|
|0150|4451|E ALVES DOS SANTOS MOTOPECAS ME|1058|04244633000104||194470300|2207702||AV PINHEIRO MACHADO||2960|RODOVIARIA|
|0150|4459|ELLO COMERCIO DE MOTOS LTDA|1058|02249042000196||069963428|2302800||RUA JOAQUIM CUSTODIO|399||ALTO GUARAMIRANGA|
|0150|4462|MOTOPECAS CICLOMONTE COMERCIO DE PECAS|1058|35083898000193||060899417|2313955||RUA FRANCISCA R DE FARIAS|924||CENTRO|
|0150|4466|VERA LUCIA BEZERRA AMARO ME|1058|03180756000158||062820168|2307106||CORONEL LUIS AIRES|118||CENTRO|
|0150|4481|JOSE ADERLO BEZERRA DOS SANTOS ME|1058|69375426000126||069016518|2312403||RUA ERETIDES MARTINS|196||CENTRO|
|0150|4510|HEMELLY MOTOS COM PECAS E ACESS LTDA ME|1058|06110625000192||066888522|2304400||AV CARNEIRO DE MENDONCA|1646||JOQUEI CLUBE|
|0150|4535|MARIA DA PIEDADE CARNEIRO ELMIRO|1058|03816344000161||062974980|2309300||AV JOAQUIM LOPES PEDROSA|2856||PROGRESSO|
|0150|4570|WASHINGTON LIMA DE FREITAS ME|1058|00693774000145||069589097|2301109||AGAPITO DOS SANTOS|286||CENTRO|
|0150|4613|EDSON PEIXOTO MAIA|1058|41644832000128||069113807|2304400||R.JORNALISTA TOMAZ COELHO||00041|MESSEJANA|
|0150|4619|LEAL E COSTA LTDA|1058|03050675000133||062778617|2304400||AV.VISCONDE DO RIO BRANCO||1641|CENTRO|
|0150|4641|FRANCISCO EUGENIO GOMES DE ALMEIDA|1058|00382582000118||069461015|2302404||RUA 26 JUNHO|429||CENTRO|
|0150|4653|PAULO VITOR SILVA LIMA|1058|07930056000194||061938505|2311306||EPITACIO PESSOA|1227||CENTRO|
|0150|4656|PIRAJA MOTOS E PECAS LTDA|1058|07610845000148||061921700|2307304||AV CASTELO BRANCO|1300||PIRAJA|
|0150|4664|FRANCISCO DE MENEZES QUEIROZ ME|1058|07804073000185||060012579|2311306||RUA EPITACIO PESSOA|1440||CENTRO|
|0150|4667|JOSE OROZIMBO SAMPAIO EPP|1058|03153881000179||062805738|2307304||AV PREF CARLOS CRUZ,|2459||SAO MIGUEL|
|0150|4668|GERAL MOTOS COM. DE PE AS E ACESSORIOS L|1058|07240057000107||061796182|2304400||AV GAL OSORIO DE PAIVA|6106||CANINDEZINHO|
|0150|4681|ALEX GLEY TEOFILO LEMOS ME|1058|05045160000170||066653916|2304400||AVENIDA SARGENTO HERMINIO SAMPAIO|4303||PADRE ANDRADE|
|0150|4688|RAFAEL DE OLIVEIRA FILHO ME|1058|07899304000181||060707585|2300754||RUA PADRE PEDRO VITORINO|856||CENTRO|
|0150|4693|P E R MOTOPECAS E SERVICOS LTDA ME|1058|04292374000189||063076756|2307650||AV IX|066||JEREISSATE II|
|0150|4700|JOAO P MENESES PECAS PARA MOTOCICLETAS M|1058|05615096000116||066781434|2305209||AV CLAUDIO CAMELO TIMBO|657||CENTRO|
|0150|4714|ANTONIO CARLOS TEIXEIRA MOURA ME|1058|07456135000105||061825654|2304400||AV MAJOR ASSIS|1331||QUINTINO CUNHA|
|0150|4715|CICERO IRAILTON LEITE BARBOSA ME|1058|06130770000135||066890217|2301703||PRACA DA VITORIA|078||CENTRO|
|0150|4722|EPITACIO B BRAGA MS|1058|05919958000102||066851602|2307700||AV STENIO GOMES|198||PARQUE IRACEMA|
|0150|4724|MARIA MARLEUSA VIEIRA ME|1058|08017367000120||061945439|2304400||RUA COLETOR ANTONIO GADELHA||00165|MESSEJANA|
|0150|4725|FRANCISCO WELITON NOGUEIRA DANTAS MOTOS|1058|06537264000165||066944864|2310506||AV DA ESPERANCA|021||MINEIROLANDIA|
|0150|4731|FRANCISCO ENILBERTO AGUIAR DAMASCENO|1058|08468451000160||062021524|2305332||RUA JOAO DUARTE|2109|(sem complemento)|CENTRO DE IBICUITINGA|
|0150|4736|VLADIMIR MARTINS DOS SANTOS PECAS ME|1058|07579401000197||061902268|2310704||RUA TETE BEZERRA,691 A||S/N|CENTRO|
|0150|4741|CLEICIANO OLIVEIRA DA SILVA|1058|08146640000116||061968609|2310209||CATINGUEIRA|||JARDIM|
|0150|4753|CINTIA CRISTINA MENDONCA SOARES ME|1058|08545302000157||062037757|2307304||RUA DO SEMINARIO|830||SAO MIGUEL|
|0150|4762|M L COMERCIO DE PECAS E ACESS E SER LTDA|1058|06012498000199||066865590|2304400||AVENIDA JORNALISTA TOMAZ COELHO|3048||JANGURUSSU|
|0150|4769|G P MOTOS PECAS E ACESSORIOS LTDA|1058|08543739000151||062044249|2311405||RUA RAIMUNDO JACINTO LEAL|074||CENTRO|
|0150|4776|JOSE UMBERTO MAGALHAES|1058|08706596000151||062057006|2308906||RIA JOAQUIM CORIOLANO ROCHA|101|(sem complemento)|CENTRO DE MORRINHOS NOVOS|
|0150|4802|A DANTAS DE ALMEIDA E CIA LTDA|1058|06888093000208||068491565|2306009||RUA CELSO GOMES DA SILVA|124||CENTRO|
|0150|4808|M SONHA F L COELHO ME|1058|08908986000104||062099230|2304103||RUA CORONEL TOTO|1361||CENTRO|
|0150|4812|JOSE GENIVALDO DOS SANTOS ME|1058|08365414000126||062011413|2306504||AV SAO CRISTOVAO|136||BAIXA FRIA|
|0150|4824|FRANCISCO EVANGELISTA DE ALENCAR|1058|02591761000190||062680781|2310308||RUA FCA CARVALHO NORONHA||S/N|CENTRO|
|0150|4825|FRANCISCO GUILHERME SARAIVA TAVEIRA ME|1058|41398785000180||068813929|2304202||R TRISTAO GONCALVES|216||CENTRO|
|0150|4861|M C BEZERRA FALCAO ME|1058|03933937000108||062992147|2310803||RUA CAPITAO CHAVIER|44|(sem complemento)|CENTRO DE PEREIRO|
|0150|4884|E P RODRIGUES ME|1058|04483826000100||063113619|2301208||JOAO FELIX DE SOUSA||02|CENTRO|
|0150|4887|LUIZ CARLOS SOUSA PECAS ME|1058|02290642000106||069969604|2304400||RUA ANDRE DALL OLLIO|707||PAPICU|
|0150|4890|F I GONCALVES QUEIROZ ME|1058|09135132000103||062165950|2304400||RUA CLARINDO DE QUEIROZ|1008|C|CENTRO|
|0150|4897|FREDERICO AMORIM VIANA - ME|1058|63461065000154||066642590|2304400||AV. FRANCISCO SA||5197|CARLITO PAMPLONA|
|0150|4907|EVALDO FONTENELE MAGALHAES ME|1058|01397493000108||063590590|2307650||AV. 7|457||CONJUNTO JEREISSATI|
|0150|4923|A M ALVES GOMES ME|1058|05383232000190||066727820|2308500||RUA CORONEL JOSE ADERALDO|415||CENTRO|
|0150|4924|CARLOS BEZERRA DA SILVA ME|1058|08896272000123||062101323|2304400||AV GAL OSORIO DE PAIVA|6020||CANINDEZINHO|
|0150|4928|FRANCISCO ALEX BEZERRA DANTAS ME|1058|02184069000148||069954410|2311231||RUA EDILSON VIEIRA|486||CENTRO|
|0150|4946|ARTUR RENAN FREITAS DE QUEIROZ ME|1058|08982871000160||062123610|2304400||RUA EDUARDO PORTO|117||MESSEJANA|
|0150|4952|JOAO DO VALE MOTA ME|1058|09325013000105||063589516|2307650||CAPITAO VALDEMAR DE LIMA|260||CENTRO|
|0150|4956|VALDEMIR SENA LIMA ME|1058|03296650000114||062845594|2307700||AVENIDA TABATINGA||S/N|CENTRO|
|0150|4986|MARIA JOSE DA SILVA LIMA PECAS ME|1058|06341086000100||031347096|2613909||RUA TREZE DE MAIO|110||N S SENHORA DA PENHA|
|0150|4999|RAIMUNDO DE SOUSA LEITE ME|1058|00558698000165||069522871|2304400||RUA ROSINHA SAMPAIO|1153|A|QUINTINO CUNHA|
|0150|5005|JOSE AIRTON FERREIRA DA SILVA|1058||30017467349||2304400||RUA ATAULFO ALVES|896|ALTOS|JARDIM DAS OLIVEIRAS|
|0150|5025|JOSE I MONTEIRO ME|1058|09425462000125||063599724|2308708||AVENIDA JOAO ANDRADE NANTUA|1340||ALTO TIRADENTES|
|0150|5034|TEREZA CRISTINA DE FREITAS SAMPAIO ME|1058|10202683000113||063657465|2304400||AV MOZART LUCENA|2491||QUINTINO CUNHA|
|0150|5040|MUNDIAL COMERCIO DE MOTOS LTDA|1058|09043312000157||062166387|2304400||AV JORN THOMAS COELHO|720|(sem complemento)|MESSEJANA|
|0150|5050|FRANCISCO GILBERTO FEITOSA ME|1058|09600837000146||063636727|2300309||RUA PEDRO ALVES|020||CENTRO|
|0150|5052|ADILSON VIDAL LIMA|1058||82149259320||2311801||RUA ANTONIO MENDES|998||FLORES|
|0150|5053|MARIA DA CONCEICAO DE SOUSA MOTOS ME|1058|10189547000130||063657899|2304400||RUA EDUARDO PORTO|147|A|MESSEJANA|
|0150|5055|CLAUDIO OLIVEIRA CASTRO|1058||46389628315||2304400||RUA RERIUTABA 1722||1722|VILA VELHA|
|0150|5071|FRANCISCO NILSON DE AQUINO PECAS ME|1058|09363486000105||063586967|2307650||AVENIDA I NUMERO|050|CASA A|CONJ JEREISSATI I|
|0150|5072|FRANCICLER SOARES DOS SANTOS|1058|00944922000157||161103162|2513703||TRAVESSA GOMES VIEIRA||157|VARZEA NOVA|
|0150|6511|RITA DE KASSIA S OLIVEIRA COELHO ME|1058|05874687000108||066836859|2304103||RUA PROF LISBOA RODRIGUES|1265||FATIMA II|
|0150|8835|MAIA E COSTA COMERCIAL DE PECAS LTDA ME|1058|07913873000134||061925977|2313104||RUA MAIA ALACON||471|CENTRO|
|0150|9734|L L LAR INDUSTRIA E COMERCIO DE ALUMINIO|1058|07971672000193||061942979|2307304||SITIO PEDRINHAS|233||PEDRINHAS|
|0150|9818|ROSEMARY LUSIA RIBEIRO|1058|09009437000160||062126407|2303931||RUA JOAO PARACAMPOS|310||CENTRO|
|0150|10195|MMB COM DE PECAS E SERV DE MOTOCICLETAS|1058|10247279000166||063662442|2304400||AV DOM MANUEL||974|CENTRO|
|0150|10199|JOAO DIMAS BRANDAO ME|1058|08599008000128||062041924|2304251||VILA PARAGUAI||S/N|ZONA RURAL|
|0150|10217|JOSE RONALDO SILVINO DE SOUSA|1058|10264074000199||063663643|2307304||RUA RUI BARBOSA|851||SANTA TERESA|
|0150|10226|GERUSA SALVINA DE OLIVEIRA PECAS ME|1058|00741054000108||069584427|2306405||RUA EUBIA BARROSO|3587|LOJA B|COQUEIRO|
|0150|10243|AGENOR P DE ARAUJO ME|1058|09292926000172||063572494|2304400||RUA VITAL BRASIL|726||BONSUCESSO|
|0150|10285|CICLEMOTOS LTDA ME|1058|09313194000150||063574489|2306256||AV VIRGILIO TAVORA|1280||CENTRO|
|0150|10289|JOSE FRANCIENIO CELESTINO AGUIAR ME|1058|10316385000154||063701987|2306553||RUA MENINO JESUS|505||CENTRO|
|0150|10382|PAULO SERGIO GONCALVES DE SANTIAGO ME|1058|10443376000124||063700158|2311801||AV DOM LINO|1180||CENTRO|
|0150|10393|ADAUTO PINTO BASTOS ME|1058|06034083000116||066869196|2304400||RUA CORONEL FABRICIANO|870||BOM JARDIM|
|0150|10396|INDEPENDENCIA MOTOS COM DE PECAS E SERVI|1058|10486537000167||063717786|2304400||AV INDEPENDENCIA|878||QUINTINO CUNHA|
|0150|10470|LUIS ADILTON DE AMORIM|1058||10482334304||2304400||RUA DOMINGOS RAIOL|490|CASA 5|MESSEJANA|
|0150|10480|BRUNO COSTA PORTELA|1058||04912901369||2304400||AV MOZART PINHEIRO DE LUCENA||2895|CIDADE OESTE|
|0150|10511|NELIVALDO MOREIRA LYRA|1058||31710980320||2304400||AV JOAO PESSOA|3641|AP 302|DAMAS|
|0150|10514|LUIS MACHADO SANTIAGO|1058||03643980353||2307650||RUA 12|002|ASA 2 SUPER QUADRA L|CONJUNTO INDUSTRIAL|
|0150|10542|F J PINTO DE MACEDO ME|1058|10513848000178||063722445|2313104||RUA MAIA ALARCON|440||CENTRO|
|0150|10566|PAULO ALVES DE OLIVEIRA FILHO|1058||64562212349||2304400||AV INDEPENDENCIA||1832|QUINTINO CUNHA|
|0150|10567|F H ROSAS PORTELA ME|1058|10302528000179||063673517|2307601||RUA JOAQUIM EVARISTO GADELHA|2455||CENTRO|
|0150|10568|PAULO ROBERTO SANTOS DE OLIVEIRA|1058||00713096322||2304400||AV CASTELO BRANCO|5921||BARRA DO CEARA|
|0150|10925|FIRMINO MOTO PECAS LTDA ME|1058|05490240000135||063753030|2304400||R HUMBERTO MONTE|1498||BELA VISTA|
|0150|10935|FRANCINETE SOARES DE OLIVEIRA PECAS ME|1058|03681499000138||063169576|2309409||RUA DEOCLECIANO ARAGAO|330||CENTRO|
|0150|10940|VICENTE DE PAULA BEZERRA MENEZES ME|1058|10559990000156||063725509|2304400||RUA GAL CLARINDO DE QUEIROZ|1062||CENTRO|
|0150|10941|GILBERTO GOMES BEZERRA ME|1058|00114318000101||068897090|2308104||RUA CAPITAO MIGUEL DANTAS|092||CENTRO|
|0150|10942|VALDIR CARNEIRO DE MORAES|1058|10519124000131||063716410|2309409||RUA DEOCLECIANO ARAGAO|234||NOVO ORIENTE|
|0150|10946|PILATOS DA SILVA BATISTA ME|1058|08204027000108||061975044|2304400||AV DOS EXPEDICIONARIOS|8222||SERRINHA|
|0150|10948|MARIA ERICA FERREIRA SANTOS ME|1058|09451871000104||063609940|2303709||AV SAO VICENTE DE PAULA|108||ARATURI|
|0150|11062|MANOEL CESAR DO NASCIMENTO CARNEIRO|1058||76681440304||2307700||RUA GONCALO CANDIDO|050||NOVO MARANGUAPE|
|0150|11077|VAZLOG DISTRIBUIDORA E LOGISTICA LTDA|1058|10219211000173||421083939111|3525904||RODOVIA ROMILDO PRADO|500|500  GALPAO A - KM 0|BAIRRO DA ESTIVA|
|0150|11099|KSPG AUTOMOTIVE BRAZIL LTDA DIVISAO KOLBENSCHMIDT|1058|57576274000140||482020389119|3533403||Rodovia Arnaldo Julio Mauerberg||4000|Distrito Industrial 01|
|0150|11202|JAMILLE MILLENA BRITO MANICOBA LEAL ME|1058|09636590000118||036731463|2602001||AV MAR HUMBERTO A CASTELO BRANCO|99||CENTRO|
|0150|11203|MARIA DE LOURDES G PEREIRA ME|1058|08625115000183||034747044|2605301||AV CASTELO BRANCO|280||CENTRO|
|0150|11205|FRANCISCA HELENA SOARES DA SILVA ME|1058|10516768000176||063716119|2305233||R FRANSCISCO RAIMUNDO DE SOUSA|1309|(sem complemento)|ZUMBI|
|0150|11209|FRANCISCO FRANCINE AIRES DE OLIVEIRA|1058||01860408303||2311801||RUA CONEGO AGOSTINHO|318||CENTRO|
|0150|11211|FRANCISCO JOSE CARNEIRO|1058||53935888368||2309805||SITIO PACOTI SITIO DO MEIO|||ZONA RURAL|
|0150|11231|FUTORY IND E COM LTDA|1058|59660878000104||336307039119|3518800||RUA ITAINOPOLIS|295||CIDADE ARACILIA|
|0150|11309|EDMILSON PEREIRA ALVES|1058||63508869334||2311801||RUA CONEGO AGOSTINHO|318||CENTRO|
|0150|11338|VEREDA COM DISTRIBUIDOR DE VEICULOS E MA|1058|01411114000197||069766657|2307304||AV PADRE CICERO|3050|A|TRIANGULO|
|0150|11377|ARBYN FAVARO TECNO METAL LTDA EPP|1058|06191869000147||149625715113|3550308||RUA ENG. GUILHERME CRISTIANO FRENDER||1114|VL.ANTONIETA|
|0150|11488|FLAVIANO OLIVEIRA DA SILVA|1058||01924283301||2311801||PADRE RAUL VIEIRA|2004||CENTRO|
|0150|11489|LUCILENE FERREIRA OLIVEIRA PECAS ME|1058|10868524000152||063803739|2311504||AV MONSENHOR FCO JOSE DE OLIVEIRA|1348||CENTRO|
|0150|11490|R E SILVA GALDINO ME|1058|07351864000105||061803723|2302008||RUA JUSTINO ALVES FEITOSA|286||CENTRO|
|0150|11491|SEBASTIAO CORREIA DA SILVA|1058|09318408000180||063590565|2302008||RUA TRAJANO NOGUEIRA|15|A|TRAJANO NOGUEIRA|
|0150|11494|FRANCISCO SOUSA DA SILVA|1058||04194141342||2311801||RUA BENJAMIN CONSTANT|376||CENTRO|
|0150|11499|LERRY DA SILVA CORDEIRO|1058||90197380387||2307700||RUA GONCALO CANDIDO||050|NOVO MARANGUAPE|
|0150|11500|MARCICLEIDIO TEIXEIRA LUCAS - ME|1058|05460757000181||066746256|2300754||AVENIDA SAO FRANCISCO|413||CENTRO|
|0150|11503|KAYO CEZAR FERREIRA DE ALENCAR ME|1058|10789754000126||063785110|2301307||AV SIMPLICIO ALENCAR|71|(sem complemento)|CENTRO DE ARARIPE|
|0150|11506|ANTONIO REINALDO EUFRASIO TEIXEIRA|1058||00437703398||2313500||PV. RIACHO DO MEIO|065||CORREGO FUNDO|
|0150|11623|EMANOEL VICTOR DA SILVA|1058||00361310323||2304400||RUA PERU|894||SERRINHA|
|0150|11670|FRANCISCA GELDSONHA DE SOUSA ME|1058|10475156000182||063706776|2307502||RUA RAIMUNDO GONCALVES|097|TERREO|CENTRO|
|0150|11671|FRANCISCO HELDER CHAVES JUNIOR|1058||63721880315||2311801||RUA GUANABARA|302||CENTRO|
|0150|11678|M A MAIA DO NASCIMENTO ME|1058|10711120000150||063766850|2307650||AV CONTORNO SUL|601|B|CONJUNTO TIMBO|
|0150|11684|D S VERAS DE OLIVEIRA ME|1058|10825220000108||063804433|2304400||AV SARGENTO HERMINIO SAMPAIO|4553||ANTONIO BEZERRA|
|0150|11714|MARIA LIRIENE PARENTE CRUZ|1058|08689771000140||062062255|2307304||RUA SAO BENEDITO|914|A|FRANCISCANOS|
|0150|11808|GARDENIA MAGNO BASTOS DE MENEZES ME|1058|06940920000176||066998891|2304400||AV CORONEL CARVALHO|2006||BARRA DO CEARA|
|0150|11815|ANDRE RIBEIRO DE MELO|1058||64094995315||2304400||RUA RECANTO VERDE|2020|BL E AP 103|JANGURUSSU|
|0150|11817|C M A M VERAS CARDOZO ME|1058|02314993000100||194400425|2208403||RUA PROF FRANCISCA RIBEIRO||A|CENTRO|
|0150|11821|RAIMUNDO NONATO RODRIGUES CUNHA ME|1058|06148453000146||066895502|2313500||AV SALVADOR MARTINS|162||CENTRO|
|0150|11953|RM COMERCIAL DE MOTOS LTDA|1058|10935775000102||063810859|2308104||AVENIDA BURITI GRANDE|455||DANTAS|
|0150|11994|CLAUDIO OLIVEIRA CASTRO ME|1058|10932813000173||063816393|2304400||RUA RERIUTABA|1722||JARDIM GUANABARA|
|0150|12002|RUBLEMAS COMERCIO DE ACESSËRIOS PARA VEICULO LTDA|1058|38781266000191||112683702110|3550308||RUA ANTONIO BORBA||410|VILA JATAÍ|
|0150|12004|SARAIVA NOGUEIRA LTDA|1058|09073153000133||062147994|2304400||RUA JOSE HIPOLITO|198||MESSEJANA|
|0150|12097|J L DA SILVA DE ALMEIDA ME|1058|11139228000183||063844303|2305332||CAPITAO MANOEL ANTONIO||2023|CENTRO|
|0150|12259|P S CAVALCANTI ME|1058|11095986000147||063842785|2300101||RUA PADRE IBIAPINA|104||CENTRO|
|0150|12436|JOSE LACERDA DE AQUINO|1058|10558366000134||063727900|2308104||AVENIDA BURITI GRANDE|124||CENTRO|
|0150|12444|OSMUNDO BATISTA TERCEIRO ME|1058|11220009000124||063858223|2304400||AV FRANCISCO SA|4130||CARLITO PAMPLONA|
|0150|12447|CLAILSON SABINO DA COSTA|1058|09363919000114||063590336|2304400||RUA TAILANDIA|258||PARQUE GENIBAU|
|0150|12592|ERIVELTON SILVA NASCIMENTO ME|1058|07793689000106||061906280|2310258||RUA LUIS BRAGA|138|CASA A|CENTRO|
|0150|12597|MARCIANGELA MAIA SILVA LIMA ME|1058|11417669000108||063897172|2311801||RUA CONEGO AGOSTINHO||2178|CENTRO|
|0150|12602|CASCORE MOTOS LTDA|1058|10821104000110||063792753|2304400||AVENIDA CASTELO BRANCO|5972||CARLITO PAMPLONA|
|0150|12603|RENATO GONCALO PEREIRA|1058|10715493000108||063814064|2304400||RUA TENENTE MATIAS PEIXOTO||030|PREFEITO JOSE VALTER|
|0150|12605|JOSE EDMUNDO DA PENHA ME|1058|00388113000106||068548877|2304400||RUA GOIANEZA|312||GENIBAU|
|0150|12610|ANGEVALDO MARQUES RODRIGUES|1058||02347461303||2304103||RUA SIQUEIRA CAMPOS|485||SAO VICENTE|
|0150|12615|JOSE VALDIR SOMBRA ME|1058|00721223000148||069587264|2311801||RUA PADRE RAUL VIEIRA|373|A|CENTRO|
|0150|12735|J NACELIO S DE SOUSA FILHO|1058|10636453000162||063844893|2304400||AV DEDE BRASIL|2620|LJ B|PARANGABA|
|0150|12747|TARCISIO KUESNNEL MARTINS FEITOSA|1058|10671763000118||063752832|2303709||AV DOM ALMEIDA LUSTOSA|2355|B|PARQUE GUADALAJARA|
|0150|12749|ANTONIO ALVES DA SILVA 25943656880|1058|11542914000109|||2307304||RUA BEATA MARIA DE ARAUJO||007|ROMEIRAO|
|0150|12882|R G DA SILVA ME|1058|10685882000120||063757761|2303956||AV VEREADOR OSORIO DOS SANTOS|015||CIDADE NOVA|
|0150|12897|ALVANI GOMES DE SOUZA PECAS E SERVICOS|1058|11676075000103||063927950|2303808||RUA SAO JOSE|746||CENTRO|
|0150|13040|GERALDO GOMES DA SILVA COMERCIO ME|1058|07083253000115||122162781|2103000||RUA SAO PEDRO||255|CENTRO|
|0150|13053|ANTONIO CARLOS COSTA ARAUJO|1058|11602458000137||063924803|2306553||RUA FRANCISCO RIOS|028||CENTRO|
|0150|13061|FRANCISCO DEYVEDY MEDEIROS SALES|1058|11487876000120||063915588|2306009||RUA JOSE MARIA BESSA|045||CENTRO|
|0150|13063|JOSE VALTERLANE AIRES DE SOUSA ME|1058|11578981000175||063958104|2308500||RUA JOAO MARTINS DE MELO|007||CENTRO|
|0150|13064|I M ALVES DE ARAUJO|1058|09233134000127||194643379|2205706||AVENIDA PIAUI|1490|A|CENTRO|
|0150|13234|M JOSE MAIA MOTOPECAS ME|1058|09528723000132||063618907|2307601||RUA DOS EXPEDICIONARIOS|3050||CENTRO|
|0150|13237|W H MOREIRA SILVA|1058|11552709000116||063915294|2312502||R PEDRO PAULO|255||CENTRO|
|0150|13242|ROSANGELA CARNEIRO DE OLIVEIRA|1058|11095081000177||063841584|2306603||RUA PRINCESA ISABEL|181||LAGOA DO MATO|
|0150|13247|PEDRO RODRIGUES DE FRANCA|1058||24216160344||2304400||R CACHOEIRA ALEGRE|506|506|MONDUBIM|
|0150|13249|CLAUDIO NUNES XAVIER-ME|1058|11037502000103||063905078|2308906||RUA NOSSA SENHORA DE FATIMA|23||CENTRO|
|0150|13250|FRANCISCO ANTONIO AGUIAR|1058|07811757000104||061920860|2304400||AV SEN MENEZES PIMENTEL||1150|GRANJA PORTUGAL|
|0150|13251|FRANCINEIDE LEONEL FELIX ME|1058|11855337000105||161688560|2503308||RUA JOAO AGRIPINO FILHO||420|CENTRO|
|0150|13261|JOAO COSTA PEREIRA|1058||77884302349||2311801||ZONA RURAL||S/N|CAPIM GROSSO|
|0150|13263|MARCELO HENRIQUE V DE ARAGAO|1058|08411540000170||062018515|2301901||AV ANTONIO FRANCISCO SAMPAIO|12||ALTO DA ALEGRIA|
|0150|13264|ANDRE PAULA DUARTE MEI|1058|11920533000108||064013782|2306256||AV DEP PAULINO ROCHA|231||JABUTI|
|0150|13288|GESSE PEREIRA DOS SANTOS|1058|11610017000187||063953161|2304400||AV GOV RAUL BARBOSA|6642||AEROLANDIA|
|0150|13400|NAUILA RODRIGUES DE MOURA|1058|11623319000190||063928787|2304400||AV BEZERRA DE MENEZES|1317||SAO GERARDO|
|0150|13404|ERIVAN PEREIRA DA COSTA ME|1058|12013304000172||064007162|2304954||RUA FRANCISCO PEREIRA CAVALCANTE|11||AGUA VERDE|
|0150|13565|ELIABE BATISTA BRAGA MEI|1058|11897510000120||064014770|2307700||RUA JOSE FERNANDES VIEIRA||269|CENTRO|
|0150|13569|ERIVALDO MIRANDA PAIVA|1058|12069535000106||064020940|2304400||RUA PADRE VALDEVINO|1211|A|JOAQUIM TAVORA|
|0150|13575|HERIQUE PEREIRA DE ABREU 90167600320|1058|12110203000110||064048551|2307700||AV ALCEBIADES RODRIGUES BARRETO|||DISTR DE LADEIRA GRA|
|0150|13580|RAIMUNDO NONATO DOS SANTOS BIKE & MOTO M|1058|35062702000184||063985306|2304400||RUA VASCO DA GAMA|910||MONTESE|
|0150|13715|MOTO E BIKE O PAULINHO LTDA|1058|11323737000161||063953781|2307650||AV MENDEL STEINBRUCK|9771||PAJUCARA|
|0150|13719|R CARLOS DE OLIVEIRA ME|1058|11670287000183||063998033|2307007||RUA PADRE ROCHA|1882||CENTRO|
|0150|13721|RAFAEL ALEXANDRE GERMANO|1058||00493537309||2304400||RUA 741|261|3 ETAPA|CONJUNTO CEARA|
|0150|13726|JOSE MARIA F DE MATOS ME|1058|12099169000120||064024261|2313906||RUA JOSE B VASCONCELOS||020|VILA CAMPANARIO|
|0150|13735|M J MEDEIROS FREITAS MERCADINHO|1058|08942747000170||035288396|2601102||RUA PRINCESA ISABEL|42||MORAIS|
|0150|13737|A FERNANDES BASTOS MOTOS|1058|12299107000161||064050548|2302800||RUA EUCLIDES BARROSO|1490|ANEXO B|SANTA LUZIA|
|0150|13739|P O DE SOUSA|1058|10598314000191||063741075|2304400||AV DIONISIO LEONEL ALENCAR|1790||ANCURI|
|0150|13740|F DOS SANTOS OLIVEIRA MOTOS|1058|11281582000148||063868490|2304400||AV DA UNIVERSIDADE|3229|LADO B|BENFICA|
|0150|13880|F F COMERCIO VAREJISTA DE CELULARES LTDA|1058|10681703000186||063756749|2304400||AV DEMETRIO DE MENEZES|3526||ANTONIO BEZERRA|
|0150|13883|SINARA CANDIDO DA CUNHA|1058||02456874323||2302909||RUA GEOVAN SARAIVA SOBRINHO||S/N|CENTRO|
|0150|13889|GILVANDRO MAIA NOBRE ME|1058|08981632000195||062120654|2304400||RUA EDUARDO PORTO|101||MESSEJANA|
|0150|16913|EDILENE BATISTA DE ALMEIDA BITU|1058|05953303000142||066854156|2300804||SITIO LAGOAS||SN|CANINDEZINHO|
|0150|16922|HELITON NUNES PEREIRA|1058|12701811000107||064123839|2304400||AV PRES CASTELO BRANCO|2889||JACARECANGA|
|0150|16925|DPA DISTRIBUIDORA DE LUBRIFICANTES LTDA|1058|08274059000180||061989410|2303709||RUA CONSUNEL||1125|PARQUE POTIRA|
|0150|16939|CARIRI COMAL DE MOTOS LTDA|1058|07256867000232||062074440|2304202||RUA ALMIRANTE ALEXANDRINO|990||CENTRO|
|0150|17072|EDMAR PAIXAO DE SOUSA CICLOPECAS ME|1058|10904742000103||063825945|2307650||R 60|30|ALTOS|CONJUNTO JEREISSATI|
|0150|17073|F DAS CHAGAS MARQUES PECAS ME|1058|03876385000143||062042653|2308005||AV SENADORES OZIRES PONTES|229||CENTRO|
|0150|17079|SERGIO DE SOUZA SILVA|1058|06105149000111||161421431|2513703||RUA PADRE GERALDO PINTO||024|MARCOS MOURA|
|0150|17083|E S S SAMPAIO ME|1058|12595051000192||064123103|2310209||AV ANTONIO SALES|1460|LOJA 01 A 06|MALEITAS|
|0150|17279|E CHASTINET BRAGA ME|1058|07255289000210||064164071|2304400||R PADRE CICERO|051||BENFICA|
|0150|17281|IZABEL CRISTINA SAMPAIO SANTANA|1058|07735972000173||061892882|2307106||AVENIDA WILSON RORIZ|1214||CENTRO|
|0150|17284|FRANCISCO EDINALDO MACIEL MAIA ME|1058|04712869000110||063162784|2304954||RUA JOAO BANDEIRA||S/N|AGUA VERDE|
|0150|17285|FRANCISCO EMMANUEL BARROSO BATISTA ME|1058|12283619000130||064092305|2304400||RUA CLARINDO DE QUEIROZ|1165|(sem complemento)|CENTRO DE FORTALEZA|
|0150|17293|B S DE ARAUJO MOTOPECAS ME|1058|12710375000124||064154491|2304400||TV OSORIO DE PAIVA|4080||PARANGABA|
|0150|17299|SOPNEUS COMERCIO E SERVICOS LTDA ME|1058|13008647000101||064201660|2310704||RUA LUIZ SOARES DO CARMO|206|A|CENTRO|
|0150|17300|GLAUBER SARAIVA TAVEIRA|1058|02708861000154||064202135|2307304||RUA SAO PEDRO|2090|TERREO|SANTA TERESA|
|0150|17303|IBIS INDUSTRIA DE PECAS DE ALUMINIO LTDA|1058|04378474000122||165332899110|3501608||RUA DAS IMBUIAS|980||CIDADE JARDIM I|
|0150|17508|CAMILO MOTOS COM PCS PARA MOTOS LTDA|1058|05266836000156||062163507|2312908||R TABELIAO ILDEFONSO CAVALCANTE|869||CENTRO|
|0150|17512|HELMO JOSE PINTO DOS SANTOS ME|1058|03066661000108||061984000|2307650||AV VI NUMERO|265||JEREISSATI|
|0150|17513|DANIEL QUEIROZ TEOTONIO ME|1058|12793449000133||064150666|2307304||RUA SANTA CECILIA|1368||SALESIANOS|
|0150|17518|TAURUS BLINDAGENS NORDESTE LTDA|1058|09003200000172||74799143|2930709||VIA PERIFERICA I||1|CENTRO INDUSTRIAL DE ARATU|
|0150|17696|JOSE VALBER DE ARAUJO ME|1058|13038814000167||064211070|2311801||RUA CEL ARAUJO LIMA|1044|(sem complemento)|CENTRO DE RUSSAS|
|0150|17698|JOSE ELIELTON RODRIGUES VASCONCELOS|1058|11647788000149||063924129|2304400||AV PRES JUSCELINO KUBITSCHEK|3999|(sem complemento)|Passare|
|0150|17700|JOSE NILTON VICENTE DA SILVA|1058|13196222000173||064237761|2307304||RUA SANTA LUZIA|1348||SAO MIGUEL|
|0150|17705|WEBBSTER AZEVEDO DOS SANTOS 30706744888|1058|12709525000180|||2303709||RUA ARAQUEM|953||PARQUE POTIRA (JUREM|
|0150|17707|M R MOTOCICLO BAR E LANCHONETE LTDA ME|1058|12849358000172||064159868|2307650||R 110|400||CONJUNTO TIMBO|
|0150|17865|DANIEL DA SILVA GOMES|1058||00505343355||2307502||RUA GERALDO MAJELA|096||CENTRO|
|0150|17866|ARIANA MARCAL FURTADO|1058|13307370000118||065550773|2308104||RUA AUGUSTO LEITE|108||ACONCHEGO|
|0150|17871|J DO EGITO DE PINHO JUNIOR ME|1058|13264399000160||064257150|2303709||AV DOM ALMEIDA LUSTOSA|1827|A|PARQUE ALBANO|
|0150|17872|JOSE ELIVARDO DE OLIVEIRA 56124953315|1058|13070845000103||064212947|2307650||RUA VII|378|LOJA C|JEREISSATI I|
|0150|17879|M G MOTOS PECAS E ACESSORIOS LTDA ME|1058|12465849000110||064092798|2307650||AV CENTRAL|584|C|CONJUNTO ACARACUZINH|
|0150|17881|CICERO ALVES BESERRA 76656047300|1058|13215205000136||064246353|2304301||ANTONIO FERNANDES LIMA|248|B|CENTRO|
|0150|17888|FLAVIANA SILVA CAMELO NASCIMENTO 0405760|1058|13088996000180||064226727|2304400||AV GENERAL OSORIO DE PAIVA|4789|LJ A|CANIDEZINHO|
|0150|17892|VCJ INJETAVEIS PLASTICOS LTDA|1058|08385910000141||104062827|5201405||RUA J QD 147 LT03||S/N|BURITI SERENO|
|0150|17932|F ARNALDO LEITE SILVA|1058|86778388000171||068796021|2301851||RUA RAIMUNDO DIAS||041|CENTRO|
|0150|17955|JOSE AIRTON PEREIRA DE ALENCAR ME|1058|05059826000140||060670703|2302800||RUA EUCLIDES BARROSO|388||CENTRO|
|0150|17956|ADRIANA DAMASCENO DE SALES ME|1058|07946943000150||063984890|2304400||AVENIDA A|1524|B ETAPA 1|CONJUNTO CEARA|
|0150|17979|CARNEIRO COMERCIO E SERVICOS DE AUTO PEC|1058|13316352000100||065543599|2307700||AVENIDA SENADOR ALMIR PINTO|1561||OUTRA BANDA|
|0150|17982|E B SOUSA PECAS|1058|11992887000168||064020134|2304400||AV DR THEBERGE|1742||CRISTO REDENTOR|
|0150|17985|JOSE EMILIANO ALVES BEZERRA ME|1058|10302142000167||063675544|2303709||RUA BREJO SANTO|488|A|MARECHAL RONCON|
|0150|17986|MOTO BOX COM E SERV DE PECAS E ACES P/ M|1058|13526174000134||065579615|2304400||RUA DJALMA PETIT|971||ALTO DA BALANCA|
|0150|17987|A L PONTES MOTOS|1058|03613998000198||062914936|2304400||RUA HUMBERTO LOMEU|1456||GRANJA PORTUGAL|
|0150|17989|WAGNER BARTOLOMEU DA COSTA SILVA|1058|13551044000151|||2304400||AV GENERAL OSORIO DE PAIVA|7684|LOJA C|SIQUEIRA|
|0150|18004|JOSE EDIVAN SOUSA ME|1058|10837683000190||063790564|2300200||RUA SANTOS MOURA|190|(sem complemento)|SITIO BURITI|
|0150|18005|MARIA BEATRIZ PINHEIRO PEIXOTO|1058|13517850000103||065578732|2304400||R DESEMBARGADOR PRAXEDES|1024|A|PARREAO|
|0150|18131|JUNIOR MOTOS COMERCIO DE PECAS E ACESSOR|1058|13494370000174||065579631|2304400||AV BEZERRA DE MENEZES|2450|QUIOSQUE 12 EST E- 1|SAO GERARDO|
|0150|18136|CICERO DANILO OLIVEIRA BATISTA|1058||65517660304||2304400||RUA FREDERICO DE ANDRADE|079||ALVARO WEYNE|
|0150|18138|F JUCIANA DE OLIVEIRA ARAUJO ME|1058|13367604000112||065553616|2310506||RUA FRANCISCO VIEIRA CAVALCANTE||307|CENTRO|
|0150|18140|BENEDITA REGINA ALVES|1058|01390072000155||069765065|2307254||RUA RAIMUNDO BASTOS|178|A|CENTRO DE JIJOCA DE JERICOACOARA|
|0150|18141|JOSE AVELINO DE CARVALHO|1058|10711597000136||063784599|2303709||RUA DAS OLIVEIRAS|715|ANEXO LOTE 19|ARIANOPOLES|
|0150|18146|F MOTOS PIRANJI LTDA ME|1058|13518183000183||065575202|2305266||AV JOAO RABELO SAMPAIO||S/N|DISTRITO DE PIRANJI|
|0150|18148|DUE BAR INDUSTRIA METALURGICA LTDA.|1058|11689659000113||79018007|3301603||Rua Orlando Pagnuzzi||105|Centro|
|0150|18180|BANDEIRA E SANTIAGO LTDA ME|1058|13447094000193||065607929|2311801||RUA CONEGO AGOSTINHO|2040||CENTRO|
|0150|18181|CICERA JAKELINE SIMAO ALVES|1058||05273016398||2309201||RUA 07 DE SETEMBRO||/N (sem complemento)|CENTRO DE NOVA OLINDA|
|0150|18182|LESTE MOTOS COMERCIO E SERVICOS LTDA-ME|1058|11828338000152||064007782|2304400||AV PRESIDENTE CASTELO BRANCO|4673||BARRA DO CEARA|
|0150|18186|F A C F DE MEDEIROS ME|1058|12559286000129||064105105|2307700||RUA JOSE FERNANDES VIEIRA|083||CENTRO|
|0150|18258|J ROBERTO MARTINS DE AMORIM ME|1058|13684775000175||065613023|2307700||RUA NAPOLEAO LIMA|193||CENTRO|
|0150|18260|DIAS TORRES COM VAR DE PECAS E ACES PARA|1058|07389575000197||061806390|2303709||AV DOM ALMEIDA LUSTOSA||2628|JUREMA|
|0150|18264|JOSUE AGUIAR MOITA|1058|13301611000111||065540263|2304509||RUA CAPITAO JOAQUIM FRANCISCO|842||CENTRO|
|0150|18269|EMILIA GEISA DE SOUZA MOTOS|1058|13821143000106||065647793|2307650||AVENIDA CONTORNO NORTE|023||INDUSTRIAL|
|0150|200176|F MARQUES DE MACEDO ME|1058|12746451000151||064127214|2305605||RUA ALEXANDRE BONFIM|198||CENTRO|
|0150|200178|W C DE CASTRO ACESSORIOS ME|1058|10890405000104||063799235|2309706||AV XVIII|360||CONJ JEREISSATI II|
|0150|200179|FLORISBELA PENHA DE OLIVEIRA ME|1058|10933479000172||063806070|2304400||AV FRANCISCO SA|6061||BARRA DO CEARA|
|0150|200184|ADRIANO COMERCIO DE PECAS AUTOMOTIVAS E MOTOS LTDA ME|1058|13649313000117||065597524|2305332||RODOVIA CE 046|1708|KM 34|CENTRO DE IBICUITINGA|
|0150|200185|AMSTERDAM PEREIRA RABELO ME|1058|69368710000175|||2304400||RUA DOZE|81|CONJUNTO NOVA ASSUNC|BARRA DO CEARA|
|0150|200186|DJAVAN FERNANDES FERREIRA|1058|10543198000103||063721880|2303956||RUA ANTONIO SARAIVA|439||CENTRO|
|0150|200190|MACIEL DE ALMEIDA SILVA ME|1058|10306380000140||063701499|2307650||ROD DR MENDEL STEINBRUCH|9759||CENTRO|
|0150|200191|WASHINGTON COLARES LISBOA ME|1058|41635087000150||066905435|2304400||AV AUGUSTO DOS ANJOS|1992|(sem complemento)|PARANGABA|
|0150|200193|FABIO ANTONIO FERNANDES DE ARAUJO ME|1058|13836666000126||065663420|2304400||AV MOZART PINHEIRO DE LUCENA|1316||BARRA DO CEARA|
|0150|200194|JEAN MOTOPECAS COMERCIO E SERVICOS LTDA|1058|13838168000112||065672500|2307304||AV PRESIDENTE CASTELO BRANCO|1515||PIRAJA|
|0150|200195|CARLOS ANDRE CORREIA RODRIGUES ME|1058|09313309000106||063590093|2304400||R GENERAL CLARINDO DE QUEIROZ|892||CENTRO|
|0150|200216|A LOUREIRO DA SILVA ME|1058|97533337000104||065681312|2311801||AVENIDA CORONEL ARAUJO LIMA|1299||CENTRO|
|0150|200219|MARCELO AUGUSTO RODRIGUES DA PENHA|1058||06128208312||2304400||AV MOZART PINHEIRO DE LUCENA|2468||QUINTINO CUNHA|
|0150|200355|FRANCISCA CLAUDIA TRINDADE PEREIRA|1058|13968806000110|||2304400||R ROBERTO SILVA|419||EDSON QUEIROZ|
|0150|200358|PEDRO FERNANDES DE FARIAS FILHO|1058|12707415000189||064139123|2303709||JUACI SAMPAIO PONTES||1753|CENTRO|
|0150|200360|ESPINDOLA AUTO MOTO PCS E SERV LTDA ME|1058|07123648000102||061773794|2312403||ROD CE 121|112|121 KM 01|PECEM|
|0150|200361|LIANA LIMA PESSOA|1058|12461947000189||064101150|2304400||AV CORONEL CARVALHO|2569||BARRA DO CEARA|
|0150|200362|A I V DE MACEDO AUTO PECAS ME|1058|12641082000132||064216985|2305605||AV SETE DE SETEMBRO|629|A|CENTRO|
|0150|200364|DOMINGOS GUILHERME FURTADO FILHO ME|1058|14088735000123||065706242|2306553||AV JOAO BATISTA RIOS|1644||CENTRO|
|0150|200387|COMERCIO DE PECAS E SERVICOS MODELO LTDA|1058|13863466000162||065689216|2304400||AV MOZART PINHEIRO DE LUCENA|2775||QUINTINO CUNHA|
|0150|200389|J T EVANGELISTA ME|1058|13649047000122||065612191|2307650||AV LUIZ PEREIRA LIMA|1300||LUZARDO VIANA|
|0150|200390|ELIANE DE LIMA PAIVA ME|1058|13603181000192||065590562|2304400||AV AUGUSTO DOS ANJOS|1377|LOJAS C D|PARANGABA|
|0150|200392|MARIA APARECIDA DA SILVA|1058|14221789000115||065737512|2310308||RUA ENEAS DE CASTRO|134||CENTRO|
|0150|200534|JOSE MAGNO DA COSTA|1058|05075255000137||065722124|2300200||AC L ESPRAIADO||SN|ZONA RURAL|
|0150|200536|D RODRIGUES DE OLIVEIRA ME|1058|14123800000104||065722515|2313302||RUA FILOMENO GONCALVES FILHO|089||CENTRO|
|0150|200538|MARIA AURIDETE SILVEIRA|1058|14297921000172||065749553|2304400||R VITORIA||020|QUINTINO CUNHA|
|0150|200539|F REGINALDO DE LIMA ME|1058|10615686000189||063750970|2310001||RUA MONSENHOR JOAO LUIS|158||CENTRO|
|0150|200542|J MOTOS LTDA|1058|13036771000180||064209105|2302800||RUA EUCLIDES BARROSO|961||SANTA LUZIA|
|0150|200544|GERLANNE DE FREITAS MORAIS ME|1058|14323734000116|||2303709||AV PROF LETICIA MARQUES CAVALCANTE||1907|CAPUAN|
|0150|200550|PEELS IND COM IMP EXP DE CAPACETES LTDA|1058|11953620000161||362073333113|3521408||AV BENEDITO FRANCO DE CAMPOS|100|GP 2|DIST INDUSTRIAL|
|0150|10200047|MARIA NOBRE DE ARAUJO ME|1058|14070436000161||065706293|2304400||AV DOS EXPEDICIONARIOS|10798||MONDUBIM|
|0150|10200053|FRANCISCO EDNARDO DE FREITAS|1058|13848241000137||065644956|2308906||RUA SANTO ANTONIO|46||CENTRO|
|0150|10200055|ANA SARA DUARTE DA SILVA ME|1058|13391029000193||065686616|2307304||AV CARLOS CRUZ|2396||PIO XII|
|0150|10200056|GIRLANDIO TEIXEIRA DE SOUSA|1058|14382546000169||065766202|2300309||RUA DR TIBURCIO SOARES||165|CENTRO|
|0150|10200057|JOSE GLAUBERTO DA CRUZ RIBEIRO|1058|11738075000190||063982412|2304400||R PERNAMBUCO|2091||DEMOCRITO ROCHA|
|0150|10200059|JOAO AILTON BEZERRA DE ARAUJO ME|1058|14288630000118||065756754|2304236||RUA MANOEL BRAGA|90||CENTRO|
|0150|10200060|I L CESAR QUEIROZ CONTRUCOES|1058|11119635000129||063842955|2313401||PRACA DO MERCADO PUBLICO|90||ARAPA|
|0150|10200061|C C DA SILVA DE OLIVEIRA|1058|11314388000111||063885905|2304400||AV LUIZ VIEIRA|74||PARQUE SAO JOSE|
|0150|10200062|JOSIEL ELMIR RAMOS ME|1058|11450730000100||039035590|2613404||ROD PE 60|50||CENTRO|
|0150|10200063|IVANILDA LACERDA BARROS ME|1058|14268745000140||065773250|2303709||AV DOM ALMEIDA LUSTOSA|1681||PARQUE ALBANO|
|0150|10200065|JORGE AMORIM DA SILVA MOTOPECAS ME|1058|10817585000190||064163164|2302503||RUA MANOEL LEITE DE MOURA|1270|(sem complemento)|CENTRO DE BREJO SANTO|
|0150|10200066|FRANCISCO ANTONIO DE MENDONCA MOREIRA|1058|13298295000176||065544064|2304400||AVENIDA JOSE BASTOS|3214||RODOLFO TEOFILO|
|0150|10200067|B M MIRANDA DO NASCIMENTO ME|1058|14180685000100||065732910|2300804||AVENIDA NELITO MENDES||353|CENTRO|
|0150|10200070|ROSANGELA MARIA FONSECA SOUZA|1058|13467947000159||123558654|2100907||AVENIDA DOUTOR PAULO RAMOS|279|(sem complemento)|CONCEICAO|
|0150|10200072|JOSILDA MARQUES DE SOUSA|1058|14318135000104||065771052|2304400||AV JOSE LEON|758|(sem complemento)|CIDADE DOS FUNCIONAR|
|0150|10200073|S R SANTOS DE OLIVEIRA ME|1058|13940650000169||065711564|2313500||AV SALVADOR MARTINS|217||VOLTA DO ESSE|
|0150|10400000|MARCELO CORDEIRO DA SILVA 02758795345|1058|13070318000190||066097703|2304400||AVENIDA WASHINGTON SOARES|4564|(sem complemento)|CAMBEBA|
|0150|99900070|MASTERVISOR ACESSORIOS E VISEIRAS PARA CAPACETES LTDA - ME|1058|10285259000180||148260801115|3550308||RUA BALATA|46||JARDIM GUAIRACA|
|0150|99900077|EUROPECAS MOTOPARTS LTDA|1058|04761933000152||116262924110|3550308||LIMA E SILVA|617||IPIRANGA|
|0150|99900101|TRIBAL IND. E COM. DE PECAS P MOTOS LTDA.|1058|06284670000163||239077975112|3509007||RUA DANILO VALBUZA||672|LARANJEIRAS|
|0150|100003897|G DIOGENES SALDANHA MOTOS|1058||||2303709||AV AIRTON SENNA|440|A|ARIANOPOLIS|
|0150|800010057|CEARA MOTOS LTDA|1058|06627947000103||068459637|2304400||AV BORGES DE MELO||1620|AEROPORTO|
|0150|800010114|M A DANTAS DE SOUZA PECAS E ACESSORIOS|1058|00608548000119||069548218|2303808||RUA ANTONIO VALDER VIANA|30|(sem complemento)|CENTRO DE CEDRO|
|0150|800010184|FLYNN INDUSTRIA E COMERCIO DE MOTO|1058|47669064000143||720009695117|3556453||RODOVIA MARGINAL DO PLANALTO||111|CHACARA DO PLANALTO|
|0150|800010212|WABTEC DIA-FRAG IND. E COM. DE PECAS E EQUIPAMENTOS LTDA|1058|53261244000194||461012563111|3531308||RUA 19 DE NOVEMBRO||305|SAO CRISTOVAO|
|0150|800010221|TMD FRICTION DO BRASIL S/A|1058|33060716000133||353012186113|3520509||RUA TUPI||293|VILA MARIA|
|0150|800010257|PIRAVAL IND E COM PECAS E ACESS P MOTOC LTDA EPP|1058|02476701000127||535224958117|3538709||RUA AUGUSTO DE LELLO||1020|STA ROSA|
|0150|800010282|WESTER INDUSTRIA E COMERCIO LTDA|1058|01915661000100||253521637|4202404||RUA GUSTAVO ZIMMERMANN||8463|ITOUPAVA CENTRAL|
|0150|800010298|IKS INDUSTRIA DE CABOS LTDA|1058|56650658000101||600005179113|3545209||ROD. DA CONVENCAO||1900|CONTE|
|0150|800010332|JOSE AVELAR SOARES AUTOPECAS ME|1058|05508105000170||066758629|2303204||RUA CARLOS MORAIS|174||PERNAMBUCO|
|0150|800010352|JOSEANE MOREIRA DE OLIVEIRA ME|1058|07022426000195||066972183|2304301||RUA ANTONIO FERNANDES|266||CENTRO|
|0150|800010385|MARIA S VASCONCELOS ME|1058|23466584000190||060268964|2308906||FRANCISCO EDVARD SILVEIRA|27||CENTRO|
|0150|800010386|ARARIPE VEICULOS LTDA|1058|07180698000113||068484739|2307304||AV PADRE CICERO|3770|KM 02|TRIANGULO|
|0150|800010392|FRANCISCO EDIMILSON COSTA FERRAGENS ME|1058|00597092000139||068851944|2304509||RUA NORBERTO RODRIGUES||S/N|CENTRO|
|0190|PC|PECA|
|0190|UN|UNIDADE|
|0190|KT|KIT|
|0190|PAR|PARES|
|0200|0000070382|CADEADO ARTIC 12X1200MM|||PC|00|87141900|||||
|0220|UN|1,000|
|0200|0000070425|CADEADO ARTIC 22X1200MM PONTA CROM|||PC|00|87141900|||||
|0220|UN|1,000|
|0200|0000071025|BRACO DE FREIO TRAS TIT/CBX200|||PC|00|87141900|||||
|0220|UN|1,000|
|0200|0000071108|FUSIVEL VIDRO 10A|||PC|00|87141900|||||
|0220|UN|1,000|
|0200|0000071109|FUSIVEL VIDRO 15A|||PC|00|87141900|||||
|0220|UN|1,000|
|0200|0000071123|ROLAMENTO 6301-2RS RODA D CG/TIT/150/YBR|07890000711234||PC|00|87141000|||||
|0220|UN|1,000|
|0200|0000071190|KIT REL REDFOX FAN 09|||PC|00|87141000|||||
|0220|UN|1,000|
|0200|0000071194|KIT REL REDFOX BROSS 150|||PC|00|87141000|||||
|0220|UN|1,000|
|0200|0000080484|PNEU LEV T 110/80-18 XR200/NX (DINGO)|||PC|00|87141900|||||
|0200|0000080545|CAMARA MOTO MSA-18 AMERIC MOLD (43)|7895616067171||PC|00|40139000|||||
|0220|UN|1,000|
|0200|0000080550|CAMARA DE AR 2.50-17 BIZ/DREAM(D)|07895616029179||PC|00|40139000|||||
|0200|0000080600|CAMARA DE AR 3.00-14 BIZ/DREAM(T)|7895616115537||PC|00|40139000|||||
|0220|UN|1,000|
|0200|0000080640|CAMARA DE AR LEV MSA-21 XR/NX/FAL DIANT|||PC|00|40139000|||||
|0220|UN|1,000|
|0200|0000080645|CAMARA DE AR 4.00-18 CBX (T)/BROSS(D)|07895616121774||PC|00|40139000|||||
|0220|UN|1,000|
|0200|0000080697|PNEU LEV D 2.75-18 TIT (DAKAR)|||PC|00|40114000|||||
|0200|0000080785|MOBYLETTE LEV 2.14/4-17 PNEU DAKAR|||PC|00|40114000|||||
|0200|00000080805|PNEU MOTO 90/90-19 DUNA EVO. 52P (50)|7895616155434||PC|00|40114000|||||
|0200|0000080890|OLEO ATF 200ML|||PC|00|87141000|||||
|0220|UN|1,000|
|0200|0000106005|ACELERADOR RAPIDO RACING PT|||UN|00|87141000|||||
|0200|0000107240|ALCA TRAS ESPEC C100 BIZ PT|||PC|00|87141900|||||
|0200|0000107255|ALCA TRAS ESPEC TIT 00 CR|||PC|00|87141900|||||
|0220|UN|1,000|
|0200|0000107260|ALCA TRAS ESPEC TIT 95/99 CR|||PC|00|87141900|||||
|0200|0000107280|ALCA TRAS ORIG CG 78/82 CR|||PC|00|87141900|||||
|0200|0000108005|AGULHA BOIA CG/ML/TU ECCO C/SEDE|7898517290914||PC|00|84099113|||||
|0220|UN|1,000|
|0200|0000108155|AGULHA BOIA YBR 125/XTZ125 C/SEDE|7898517291027||PC|00|84099113|||||
|0220|UN|1,000|
|0200|0000112295|ALARME DUOBL G5 TIT 150/FAN 09 INJ ELET|||PC|00|87141900|||||
|0220|UN|1,000|
|0200|0000115050|ANEL BUJAO OLEO CG/XLS/XLR/NX/XR PCT10 500004|||PC|00|87141900|||||
|0200|0000118015|BAGAGEIRO MOD. TUBO COMPATIVEL C/TITAN|7899101601116||PC|00|87141000|||||
|0200|0000118050|BAGAGEIRO MOD. TUBO COMPATIVEL C/TITAN 2000 ES|7899101601260||PC|00|87141000|||||
|0220|UN|1,000|
|0200|0000118358|BAGAGEIRO TOD CR|||PC|00|87141900|||||
|0200|0000118455|BAGAGEIRO DAFRA SPEED 150 PT|||PC|00|87141900|||||
|0200|0000118471|BAGAGEIRO TIT 150 09/FAN09 CR|||PC|00|87141000|||||
|0200|0000118472|BAGAGEIRO TIT 150 09/FAN09 PT|||PC|00|87141900|||||
|0200|0000118910|BAGAGEIRO BROSS 125/150 CR (BA-56HC)|||PC|00|87141900|||||
|0200|0000120075|ARO FAROL TIT 00/150 CR RED|||PC|00|87141000|||||
|0220|UN|1,000|
|0200|0000125045|ARO RODA T 17X2.15 BROSS CR|||PC|00|87141000|||||
|0200|0000125100|ARO RODA D 17X1.40 C100 BIZ/DREAM|||PC|00|87141000|||||
|0200|0000125150|ARO RODA COMPLETO T TIT 99|||PC|00|87141900|||||
|0200|0000125200|ARO RODA D 18X1.60 CG/TIT CR|||PC|00|87141000|||||
|0220|UN|1,000|
|0200|0000125210|ARO RODA T 18X1.85 CG/TIT CR|||PC|00|87141000|||||
|0220|UN|1,000|
|0200|0000125220|ARO RODA T 14X1.60 C100 BIZ|||PC|00|87141000|||||
|0200|0000125230|ARO RODA D 19X1.85 BROSS CR|||PC|00|87141900|||||
|0200|0000127065|BANCO TIT 00 (BASE ABS)|||PC|00|87141000|||||
|0220|UN|1,000|
|0200|0000127300|BANCO COMPLETO COMPATIVEL C/TITAN-99|7899101650121||PC|00|87141000|||||
|0220|UN|1,000|
|0200|0000129151|BAU 45L TORK SMART BOX 2|||PC|00|39231090|||||
|0200|0000129155|BAU 80L TORK INJETADO (BP-05BC)|||PC|00|87141900|||||
|0200|0000135020|YB7B-B, EAN: 39, ONU: 2796, CL RISCO: 8|||PC|00|85071010|||||
|0220|UN|1,000|
|0200|0000135075|BATERIA YUASA YTX5L-BS TIT 00 ES/BROS125|||PC|00|85071010|||||
|0220|UN|1,000|
|0200|0000137030|BRACO SELETOR TIT (ABRIDOR GARRAFA)|||PC|00|87141900|||||
|0200|0000137060|BRACO DE FREIO TRAS TIT 150 0359|||PC|00|87141000|||||
|0200|0000140020|BLOCO OPTICO TIT 99/CBX150|||PC|00|87141000|||||
|0220|UN|1,000|
|0200|0000140110|BLOCO OPTICO TIT 150 09/10 MIX|||PC|00|87141000|||||
|0220|UN|1,000|
|0200|0000140170|BLOCO OPTICO TIT 00|||PC|00|87141900|||||
|0220|UN|1,000|
|0200|0000140295|BLOCO OPTICO YBR 125 05/07 FAZER|||PC|00|87141900|||||
|0220|UN|1,000|
|0200|0000143015|BOBINA DE FORCA COMPATIVEL P/ KIT CG125|||PC|00|85118090|||||
|0220|UN|1,000|
|0200|0000143020|BOBINA DE FORCA COMPATIVEL P/ KIT CG 12|||PC|00|85118090|||||
|0220|UN|1,000|
|0200|0000143025|BOBINA FORCA ML/TU/XL125 12V OHC|7898485611452||PC|00|85118090|||||
|0220|UN|1,000|
|0200|0000150050|BORR PEDALEI DIANT TIT|||PC|00|87141000|||||
|0220|UN|1,000|
|0200|0000150155|BORR PEDALEI DIANT TIT|||PC|00|87141900|||||
|0220|UN|1,000|
|0200|0000150295|BORR CAVAL CENTRAL TIT 00|||PC|00|87141900|||||
|0220|UN|1,000|
|0200|0000151020|BOTA PROTORK COMBAT PT44   (PAR)|||PC|00|64041100|||||
|0200|0000151030|BOTA PROTORK MOD.COMBAT T45|||PC|00|87141000|||||
|0200|0000151039|CALCA INSANE ADU TAM. 48 AM CAL+13AM48|||PC|00|64041100|||||
|0200|0000151045|CALCA INSANE ADU TAM.48 AZ CAL-13AZ48|||PC|00|64041100|||||
|0200|0000151053|CALCA INSANE ADU TAM.40 VD CAL-13VD|||PC|00|64041100|||||
|0200|0000151055|CALCA INSANE ADU TAM.44 VD CAL-13VD|||PC|00|64041100|||||
|0200|0000151058|CALCA INSANE ADU TAM.42/VM|||PC|00|87141900|||||
|0200|0000151102|CAMISA INSANE ADU TAM.P/ AM CP-32AM|||PC|00|64041100|||||
|0200|0000151104|CAMISA INSANE ADUTAM. P/ CZ CP-32CZ|||PC|00|64041100|||||
|0200|0000151105|CAMISA INSANE ADU TAM. P/LJ CP-32LR|||PC|00|64041100|||||
|0200|0000151106|CAMISA INSANE ADU TAM.P/RS|||PC|00|87141900|||||
|0200|0000151107|CAMISA INSANE ADU TAM.P/VM|||PC|00|87141900|||||
|0200|0000151108|CAMISA INSANE ADU M AM|||PC|00|87141900|||||
|0200|0000151109|CAMISA INSANE ADU M AZL|||PC|00|87141900|||||
|0200|0000151110|CAMISA INSANE ADU M CZ|||PC|00|87141900|||||
|0200|0000151111|CAMISA ISANE ADU TAM.M/LJ CP-33LR|||PC|00|87141900|||||
|0200|0000151112|CAMISA INSANE ADU TAM.M/RS CP -33RS|||PC|00|87141900|||||
|0200|0000151113|CAMISA INSANE ADU TAM.M/VD|||PC|00|87141900|||||
|0200|0000151114|CAMISA INSANE ADU M VM|||PC|00|64041100|||||
|0200|0000151118|CAMISA INSANE ADU TAM. G/LJ CP-34LR|||PC|00|87141900|||||
|0200|0000151143|CAMISA SQUAD ADU TAM.G/VM CP-57VM|||PC|00|87141900|||||
|0200|0000151145|CAMISA GEOMETRIC ADU TAM.G/AZ|||PC|00|87141900|||||
|0200|0000151146|CAMISA GEOMETRIC ADU TAM GG/AZ CP-67AZ|||PC|00|87141900|||||
|0200|0000151147|CAMISA GEOM ADU M AZ|||PC|00|64041100|||||
|0200|0000151148|CAMISA GEOMETRIC ADU TAM.P/AZ CP-67AZ|||PC|00|87141900|||||
|0200|0000151149|CAMISA GEOMETRIC ADU TAM.G/VM|||PC|00|87141900|||||
|0200|0000151152|CAMISA GEOMETRIC ADU TAM.P/VM|||PC|00|87141900|||||
|0200|0000151153|CAMISA GEOMETRIC ADU TAM.G/VD CP-69VD|||PC|00|87141900|||||
|0200|0000151154|CAMISA GEOMETRIC ADU TAM.M/VD CP-69VD|||PC|00|87141900|||||
|0200|0000151155|CAMISA GEOMETRIC ADU TAM.G/AM|||PC|00|87141900|||||
|0200|0000151156|CAMISA GEOMETRIC ADU TAM.GG/AM|||PC|00|87141900|||||
|0200|0000151157|CAMISA GEOMETRIC ADU TAM.M/AM|||PC|00|87141900|||||
|0200|0000151158|CAMISA GEOMETRIC ADU TAM.P/AM CP-70AM|||PC|00|87141900|||||
|0200|0000151163|CAMISA ELETRIC ADU TAM.G/VM|||PC|00|62053000|||||
|0200|0000151169|CAMISA ELETRIC ADU TAM.M/AZ CP-81AZ|||PC|00|87141900|||||
|0200|0000151171|COPO TERMICO PROTORK 500ML|||PC|00|96170010|||||
|0200|0000151177|BERMUDA LYCRA TAM.G/PT BM-06PT|||PC|00|87141900|||||
|0200|0000151178|BERMUDA LYCRA TAM.M/PT BM-06PT|||PC|00|87141900|||||
|0200|0000151179|ACESSORIOS P/BOTA CODE TEAM (TIRAS/FIVE)|||UN|00|87141900|||||
|0220|PC|1,000|
|0200|0000151204|CARENAGEM CRF 230 VM|||PC|00|64041100|||||
|0200|0000151205|CURVA ORIG TORNADO|||PC|00|87141900|||||
|0200|0000151206|CURVA ORIG CRF 230|||PC|00|87141900|||||
|0200|0000151212|FAROL COMPL OFFROAD PT|||PC|00|87141900|||||
|0200|0000151225|PARAL OFFROAD MX2 BC PA-01 BC|||PC|00|87141900|||||
|0200|0000151226|PARAL OFFROAD D MX2 LJ PA-011R|||PC|00|87141900|||||
|0200|0000151231|PARAL OFFROAD T MX2 BC PA-02BC|||PC|00|87141900|||||
|0200|0000151248|TAMPÃO /PESCAPE PT TP TP-01PT|||PC|00|87141900|||||
|0200|0000151268|CAMISA RACE ADU TAM.M/PT|||PC|00|87141900|||||
|0200|0000151269|CAMISA RACE ADUTAM.M/VM CP-60VM|||PC|00|87141900|||||
|0200|0000151270|CAMISA RACE ADU TAM. G/PT|||PC|00|87141900|||||
|0200|0000151271|CAMISA RACE ADU G VM|||PC|00|87141900|||||
|0200|0000156005|PARAF CARTER CG/TIT/TIT150/BIZ/YBR 6615|||PC|00|87141900|||||
|0200|0000156015|PARAF CARTER CB/XL/XLX (6616)*|||PC|00|87141900|||||
|0200|0000160165|BUCHA COROA C100 DREAM/SHINARAY/ COXIM|||PC|00|87141900|||||
|0220|UN|1,000|
|0200|0000160440|ARRUELA BUJAO OLEO ALUM 2,0MM|||PC|00|87141900|||||
|0200|0000165010|BUZINA CG/TOD/TIT 12V RRF|||PC|00|87141900|||||
|0220|UN|1,000|
|0200|0000181585|CABO VELOC C100 BIZ|||PC|00|84831030|||||
|0220|UN|1,000|
|0200|0000181840|CABO VELOC BROSS 150|||PC|00|84831030|||||
|0220|UN|1,000|
|0200|0000182001|CABO ACEL TORNADO A 80124|||PC|00|87141900|||||
|0200|0000182002|CABO ACELERADOR B XR 250 TORNADO|7898440475686||PC|00|87141000|||||
|0200|0000182003|CABO ACEL FALCON A|||PC|00|87141000|||||
|0200|0000182004|CABO ACEL FALCON B|||PC|00|87141000|||||
|0200|0000182006|CABO EMBREAG FALCON|||PC|00|84831030|||||
|0200|0000182007|CABO EMBREAG TOD/CAR/90|||PC|00|84831030|||||
|0200|0000182008|CABO EMBREAG TIT 150 SPORT|||PC|00|84831030|||||
|0200|0000182009|CABO EMBREAG  XR 200 R 80322|||PC|00|84831030|||||
|0200|0000182010|CABO DE FREIO CG 125 TITAN KS 2000 P PEDAL|7898440473842||PC|00|87141000|||||
|0200|0000182013|CABO AFOGADOR CBX 200|||PC|00|87141000|||||
|0200|0000182016|CABO ACEL CRYPTON 100|||PC|00|87141000|||||
|0200|0000182018|CABO EMBREAG XTZ 125|||PC|00|84831030|||||
|0200|0000182021|CABO VELOC CRYPTON 100|||PC|00|84831030|||||
|0200|0000182025|CABO EMBREAG TIT 150/JOB /08|||PC|00|84831030|||||
|0200|0000182032|CABO VELOC KATANA 125|||PC|00|84831030|||||
|0200|0000182043|CABO ACEL BROSS 150 /05|||PC|00|87141900|||||
|0200|0000182044|CABO ACEL NX 200|||PC|00|87141900|||||
|0200|0000182045|CABO VELOC TIT 00 ES|||PC|00|84831030|||||
|0200|0000182064|CABO EMBREAG SAHARA 80327|||PC|00|84831030|||||
|0200|0000182069|CABO VELOC SAHARA|||PC|00|87141900|||||
|0200|0000182071|CABO AFOG NX 200|||PC|00|87141900|||||
|0200|0000182082|CABO DE FREIO NXR 150 BROS ES/KS|7898440476478||PC|00|87141000|||||
|0200|0000182085|CABO VELOC YES 125|||PC|00|87141900|||||
|0200|0000182086|CABO EMBREAG FAN 125 09 80328|||UN|00|84831030|||||
|0220|PC|1,000|
|0200|0000182088|CABO EMBREAG TIT 150 09|||PC|00|84831030|||||
|0200|0000182089|CABO VELOC FAN 125 09/|||PC|00|84831030|||||
|0200|0000182091|CABO VELOC TIT 150 09 MIX|||PC|00|84831030|||||
|0200|0000182093|CABO FREIO YBR 125 FACTOR 09/|||PC|00|87141900|||||
|0200|0000182097|CABO VELOC YBR 125 FACTOR EK 09/|||PC|00|87141900|||||
|0200|0000182098|CABO ACEL YES 125 04/08|||PC|00|87141900|||||
|0200|0000182101|CABO VELOC YES 125 08/|||PC|00|84831030|||||
|0200|0000182103|CABO ACELERADOR DAFRA - SPEED 150|7898440476683||PC|00|87141000|||||
|0200|0000182108|CABO ACEL SHINERAY XY50|||PC|00|87141900|||||
|0200|0000182109|CABO FREIO SHINERAY XY50|||PC|00|87141900|||||
|0200|0000182112|CABO DE VELOCIMETRO MOTO SHINERAY XY 50|7898440476904||PC|00|87141000|||||
|0200|0000182120|CABO FREIO YBR 125 00/01 81202|||PC|00|87141000|||||
|0200|0000182135|CABO ACELERADOR POP 100|7898440474672||PC|00|87141000|||||
|0200|0000182140|CABO EMBREAGEM NX 150 / CG 125 88/90|7898440475792||PC|00|84831030|||||
|0200|0000182145|CABO EMBREAG BROSS 150 06/|||PC|00|84831030|||||
|0200|0000182155|CABO FREIO C125 BIZ|||PC|00|87141900|||||
|0200|0000182160|CABO EMBREAG POP 100|||PC|00|84831030|||||
|0200|0000182205|CABO VELOC C125 BIZ|||PC|00|84831030|||||
|0200|0000182210|CABO VELOC POP 100|||PC|00|87141900|||||
|0200|0000182220|CABO ACEL XTZ 125 03/08|||PC|00|87141900|||||
|0200|0000185170|CACHIMBO DE VELA|7897707500055||PC|00|85119000|||||
|0220|UN|1,000|
|0200|0000185200|CACHIMBO DE VELA COMPATIVEL P/CG UNIV|||PC|00|85369090|||||
|0220|UN|1,000|
|0200|0000185210|CACHIMBO VELA TIT 150/BROS125/150/FAN150|07890001852103||PC|00|85119000|||||
|0220|UN|1,000|
|0200|0000200010|CAIXA DIRECAO TIT 99/CG/TOD/CBX/KANSAS150/COMET150/XLSC/COLA|||PC|00|87141000|||||
|0220|UN|1,000|
|0200|0000200145|CAIXA DIRECAO TIT 00/150|||PC|00|87141000|||||
|0220|UN|1,000|
|0200|0000200201|CAIXA DIRECAO TIT 00/150 C/COLAR|07890002002019||PC|00|87141000|||||
|0220|UN|1,000|
|0200|0000200202|CAIXA DIRECAO C100 BIZ/DREAM|||PC|00|87141000|||||
|0220|UN|1,000|
|0200|0000200205|CAIXA DIRECAO YBR 125 /08|||PC|00|87141000|||||
|0220|UN|1,000|
|0200|0000219025|CAP. SAN MARINO PRETO - 60|7898483640041||PC|00|65061000|||||
|0220|UN|1,000|
|0200|0000219030|CAPAC SAN MARINO PRETO 58|07890002190303||PC|00|65061000|||||
|0220|UN|1,000|
|0200|0000219035|CAPAC SAN MARINO PRETO 60|||PC|00|65061000|||||
|0220|UN|1,000|
|0200|0000219040|CAP. SAN MARINO VERMELHO - 60|7898483640102||PC|00|65061000|||||
|0220|UN|1,000|
|0200|0000219045|CAPAC SAN MARINO VERM 58|07890002190457||PC|00|65061000|||||
|0220|UN|1,000|
|0200|0000219050|CAPAC SAN MARINO VERM 60|07890002190501||PC|00|65061000|||||
|0220|UN|1,000|
|0200|0000219075|CAPAC SAN MARINO AZ 58|||PC|00|87141900|||||
|0220|UN|1,000|
|0200|0000219080|CAPAC SAN MARINO AZ 60|||PC|00|65061000|||||
|0220|UN|1,000|
|0200|0000219085|CAPAC SAN MARINO PRATA 56|||PC|00|65061000|||||
|0200|0000219090|CAPACETE 0100105PR58|7898483640270||PC|00|65061000|||||
|0200|0000219095|CAPACETE 0100105PR60|7898483640287||PC|00|65061000|||||
|0200|0000219130|CAPAC SAN MARINO PRETO FOSCO CLASSIC 58|||PC|00|65061000|||||
|0220|UN|1,000|
|0200|0000219135|CAPACETE 0103403PF60|7898483647378||PC|00|65061000|||||
|0220|UN|1,000|
|0200|0000219140|CAPAC SAN MARINO PRETO FOSCO CLASSIC 56|||PC|00|65061000|||||
|0220|UN|1,000|
|0200|0000219435|CAP. SAN MARINO FEMME ROSA - 58|7898483645312||PC|00|65061000|||||
|0220|UN|1,000|
|0200|0000219440|CAPAC SAN MARINO FEMME RS 58 C/FLORES|07890002194400||PC|00|65061000|||||
|0220|UN|1,000|
|0200|0000219630|CAPAC SAN MARINO PRETO FOSCO GRAFIC 58|07890002196305||PC|00|65061000|||||
|0220|UN|1,000|
|0200|0000219635|CAP. SAN MARINO PTO. FOSCO - 58|7898483640157||PC|00|65061000|||||
|0200|0000219800|CAPACETE 0102601P58|7898483645206||PC|00|65061000|||||
|0220|UN|1,000|
|0200|0000219820|CAPAC TARGA RAGON VM 62|||PC|00|87141900|||||
|0200|0000222300|CAPAC PEELS F-21 PT 58|||PC|00|87141900|||||
|0200|0000222301|CAPAC PEELS F-21 PT 60|||PC|00|87141900|||||
|0200|0000222302|CAPAC PEELS F-21 PT 61|||PC|00|8714190|||||
|0200|0000222303|CAPAC PEELS F-21 VM 58|||PC|00|87141900|||||
|0200|0000222304|CAPAC PEELS F-21 VM 60|||PC|00|87141900|||||
|0200|0000222305|CAPAC PEELS F-21 PR 58|||PC|00|64041100|||||
|0200|0000222306|CAPAC PEELS F-21 PR 60|||PC|00|87141900|||||
|0200|0000222307|CAPAC PEELS F-21 PT FSC 58|||PC|00|87141900|||||
|0200|0000222308|CAPAC PEELS F-21 PT FSC 60|||PC|00|87141900|||||
|0200|0000222309|CAPAC PEELS MIRAGE PT FSC 58|||PC|00|87141900|||||
|0200|0000222310|CAPAC PEELS MIRAGE PT FSC 60|||PC|00|87141900|||||
|0200|0000222311|CAPACPEELS INFANTIL BOY PT 54|||PC|00|87141900|||||
|0200|0000222312|CAPAC PEELS INFANTIL BOY PT 56|||PC|00|87141900|||||
|0200|0000222313|CAPAC PEELS INFANTIL BOY VM 56|||PC|00|87141900|||||
|0200|0000222314|CAPAC PEEL INFANTIL BOY PR 54|||PC|00|87141900|||||
|0200|0000222315|CAPAC PEELS MIRAGE PT 58|||PC|00|65061000|||||
|0200|0000222316|CAPAC PEELS MIRAGE PT 60|||PC|00|87141900|||||
|0200|0000222317|CAPAC PEELS INFANTIL GIRL RS54|||PC|00|87141900|||||
|0200|0000222318|CAPAC PEELS INFANTIL GIRL RS 56|||PC|00|87141900|||||
|0200|0000222319|CAPAC PEELS INFANTIL GIRL LILAS 56|||PC|00|87141900|||||
|0200|0000222320|CAPAC PEELS INFANTIL REX PT 54|||PC|00|87141900|||||
|0200|0000222321|CAPAC PEELS INFANTIL REX PT 56|||PC|00|87141900|||||
|0200|0000222322|CAPAC PEELS INFANTIL REX PR 54|||PC|00|87141900|||||
|0200|0000222323|CAPAC PEELS INFANTIL REX PR 56|||PC|00|87141900|||||
|0200|0000222324|CAPAC PEELS MIRAGE RS 58|||PC|00|87141900|||||
|0200|0000222325|CAPAC PEELS MIRAGE RS 60|||PC|00|87141900|||||
|0200|0000222326|CAPACETE F-21 US NAVY PRETO F/GRAFIT 58|||PC|00|65061000|||||
|0220|UN|1,000|
|0200|0000222327|CAPAC PEELS F21 NAVY PT/GRAF 60|||PC|00|87141900|||||
|0220|UN|1,000|
|0200|0000222328|CAPAC PEELS MIRAGE TRACE PR/PT 58|||PC|00|87141900|||||
|0200|0000222329|CAPAC PEELS MIRAGE TRACE AZ/GRAF 58|||PC|00|87141900|||||
|0200|0000222330|CAPAC PEELS MIRAGE TRACE AZ/GRAF 60|||PC|00|87141900|||||
|0200|0000222331|CAPAC PEELS  MIRAGE TRACE RS GRAF 56|||PC|00|87141900|||||
|0200|0000222332|CAPAC PEELS MIRAGE TRACE PT FSC/GRAF 58|||PC|00|87141900|||||
|0200|0000222333|CAPAC PEELS MIRAGE TRACE  PT/GRAF 60|||PC|00|87141900|||||
|0200|0000222334|CAPAC PEELS MIRAGE TRACE PTF/GRAF 61|||PC|00|87141900|||||
|0200|0000222335|CAPAC PEELS MIRAGE NEW TRACE PT58|||PC|00|65061000|||||
|0200|0000222337|CAPAC PEELS INFANTIL BOY  VM 54|||PC|00|87141900|||||
|0200|0000222338|CAPAC PEELS MIRAGE NEW TRACE PT60|||PC|00|65061000|||||
|0200|0000222339|CAPAC PEELS INFANTIL BOY PR 56|007890002223391||PC|00|65061000|||||
|0200|0000222340|CAPAC PEELS INFANTIL GIRL LILAS 54|||PC|00|87141900|||||
|0200|0000222341|CAPAC PEELS INFANTIL REX VM 54|||PC|00|87141900|||||
|0200|0000223000|CAPAC TORK LIBERT GIRLS C/VIS RS 56|||PC|00|65061000|||||
|0200|0000223010|CAPACETE LIBERTY THREE FOR GIRLS TAM.56|7899101628182||PC|00|65061000|||||
|0200|0000223015|CAPACETE LIBERTY THREE FOR GIRLS TAM.58|7899101628175||PC|00|65061000|||||
|0200|0000223042|CAPAC TORK EVOLUTION 788-2 PT/VM 60 (CAP-148PVM)|||PC|00|87141900|||||
|0200|0000223044|CAPAC TORK CROSS MXPRO2 VISION PT 58 (CAP-150PT)|||PC|00|87141900|||||
|0200|0000223045|CAPAC TORK LIBERT ABERT C/VIS/ABA PT 56|||PC|00|87141900|||||
|0200|0000223050|CAPAC TORK LIBERT GIRL ABERT C/VIS PT 58|07890002230504||PC|00|65061000|||||
|0200|0000223054|CAPAC TORK CROSS MX-PRO2 VISON AZ 60|||PC|00|65061000|||||
|0200|0000223056|CAPAC TORK CROSS MXPRO2 VISION PT 60|||PC|00|65061000|||||
|0200|0000223058|CAPAC TORK CROSS MXPRO2 VISION VM 60|||PC|00|65061000|||||
|0200|0000223065|CAPAC TORK LIBERT FECH AZ 58|||PC|00|65061000|||||
|0200|0000223069|CAPAC TORK EVOLUTION 788-3 BC/VM 58 (CAP-167BVM)|||PC|00|87141900|||||
|0200|0000223070|CAPAC TORK LIBERT FECH BC 58|7899101625242||PC|00|65061000|||||
|0200|0000223075|CAPAC TORK LIBERT FECH PT 58|07890002230757||PC|00|65061000|||||
|0200|0000223076|CAPAC TORK EVOLUTION 788-3 PT/LJ 58|||PC|00|87141900|||||
|0200|0000223077|CAPAC TORK EVOLUTION  788 3 PT/RS 58|||PC|00|87141900|||||
|0200|0000223079|CAPAC TORK EVOLUTION 788-3 BC/AZ 60|||PC|00|87141900|||||
|0200|0000223080|CAPAC TORK LIBERT FECH PR 58|7899101616646||PC|00|65061000|||||
|0200|0000223081|CAPAC TORK EVOLUTION 788 -3 BC/RS 60 (CAP-168BRS)|||PC|00|87141900|||||
|0200|0000223082|CAPAC TORK EVOLUTION 788 3 BC/VM 60 (CAP-168BVM)|||PC|00|87141900|||||
|0200|0000223084|CAPAC TORK EVOLUTION 788-3 PT/CZ 60|||PC|00|87141900|||||
|0200|0000223085|CAPAC TORK LIBERT FECH PT FSC 58|||PC|00|87141000|||||
|0200|0000223087|CAPAC TORK EVOLUTION 788 3 PT/LJ 60 (CAP-168PLR)|||PC|00|87141900|||||
|0200|0000223089|CAPAC TORK EVOLUTION 788-3 PT/VM 60|||PC|00|87141900|||||
|0200|0000223090|CAPAC TORK LIBERT FECH VD 58|||PC|00|65061000|||||
|0200|0000223091|CAPAC TORK EVOLUTION 788-3 GRAFIT BC 58 (CAP-169)|||PC|00|65061000|||||
|0200|0000223093|CAPAC TORK EVOLUTION 788 3 GRAFIT BC 60 (CAP-170)|||PC|00|65061000|||||
|0200|0000223094|CAPAC TORK EVOLUTION 788-3 GRAFIT PT 60|||PC|00|87141900|||||
|0200|0000223095|CAPAC TORK LIBERT FECH VM 58|07890002230955||PC|00|65061000|||||
|0200|0000223096|CAPACETE LIBERTY FOUR KIDS FOR GIRLS TAM.54|7899101658806||PC|00|65061000|||||
|0200|0000223097|CAPACETE LIBERTY FOUR KIDS FOR GIRLS TAM.54|7899101658073||PC|00|65061000|||||
|0200|0000223098|CAPAC TORK INFANTIL GIRLS RS 54|||PC|00|65061000|||||
|0200|0000223100|CAPAC TORK LIBERT FECH RS 60|||PC|00|87141900|||||
|0200|0000223101|CAPAC TORK EVOLUTION 788-3 BC/LIMAO 60|||PC|00|87141900|||||
|0200|0000223110|CAPAC TORK LIBERT FECH AZ 60|07890002231105||PC|00|87141000|||||
|0200|0000223115|CAPAC TORK LIBERT FECH PT 60|07890002231150||PC|00|65061000|||||
|0200|0000223120|CAPAC TORK LIBERT FECH PT FSC 60|||PC|00|87141000|||||
|0200|0000223125|CAPAC TORK LIBERT FECH VM 60|||PC|00|65061000|||||
|0200|0000223126|CAPAC TORK RACE 60|||PC|00|65061000|||||
|0220|UN|1,000|
|0200|0000223130|CAPACETE LIBERTY FOUR TAM. 58|7899101621770||PC|00|65061000|||||
|0200|0000223250|CAPAC TORK LIBERT ABERT C/VIS PT 58|07890002232508||PC|00|87141000|||||
|0200|0000223255|CAPAC TORK LIBERT ABERT C/VIS AM 58|||PC|00|65061000|||||
|0200|0000223265|CAPAC TORK LIBERT ABERT C/VIS BC 58|||PC|00|65061000|||||
|0200|0000223280|CAPAC TORK LIBERT ABERT C/VIS VD 58|||PC|00|65061000|||||
|0200|0000223315|CAPAC TORK LIBERT FECH "X" VM 58|||PC|00|65061000|||||
|0220|UN|1,000|
|0200|0000223320|CAPAC TORK LIBERT FECH "X" VM 60|||PC|00|87141000|||||
|0200|0000223325|CAPACETE LIBERTY " X " TAM.60|7899101628250||PC|00|65061000|||||
|0200|0000223330|CAPACETE LIBERTY " X " TAM.58|7899101628243||PC|00|65061000|||||
|0220|UN|1,000|
|0200|0000223360|CAPAC TORK INFANTIL FECH RS 54|07890002233604||PC|00|65061000|||||
|0200|0000223365|CAPAC TORK INFANTIL FECH PT 54|07890002233659||PC|00|65061000|||||
|0200|0000223380|CAPAC TORK INFANTIL FECH VM 54|07890002233802||PC|00|65061000|||||
|0200|0000223420|CAPACETE LIBERTY TREE TAM. 56|7899101627178||PC|00|65061000|||||
|0200|0000223425|CAPAC TORK LIBERT ABERT C/VIS PT FSC 56|7899101627185||PC|00|87141000|||||
|0200|0000223435|CAPAC TORK LIBERT ABERT C/VIS RS 56|7899101627208||PC|00|65061000|||||
|0200|0000223445|CAPAC TORK LIBERT FECH AM 56|||PC|00|65061000|||||
|0200|0000223450|CAPAC TORK LIBERT FECH AZ 56|||PC|00|87141900|||||
|0200|0000223455|CAPAC TORK LIBERT FECH PR 56|||PC|00|65061000|||||
|0200|0000223460|CAPACETE LIBERTY FOUR TAM. 56|7899101627383||PC|00|65061000|||||
|0200|0000223470|CAPACETE LIBERTY FOUR TAM. 56|7899101627413||PC|00|87141000|||||
|0200|0000223475|CAPAC TORK LIBERT FECH VM 56|||PC|00|65061000|||||
|0200|0000223480|CAPAC TORK LIBERT SPORT PT 58|||PC|00|87141900|||||
|0200|0000223485|CAPAC TORK LIBERT SPORT PT 60|||PC|00|87141000|||||
|0200|0000223510|CAPAC TORK LIBERT ABERT C/VIS ABA AZ 56 (CAP-48A)|||PC|00|87141900|||||
|0200|0000223520|CAPAC TORK LIBERT ABERT C/VIS VM 58|07890002235202||PC|00|65061000|||||
|0200|0000223581|CAPAC TORK CROSS MX-PRO AM 58|7899101636675||PC|00|65061000|||||
|0200|0000223582|CAPACETE LIBERTY MX PRO TAM.58|7899101636682||PC|00|65061000|||||
|0200|0000223583|CAPACETE LIBERTY MX PRO TAM.58|7899101636699||PC|00|65061000|||||
|0200|0000223585|CAPAC TORK CROSS MX-PRO PT 60|7899101636767||PC|00|65061000|||||
|0200|0000223586|CAPAC TORK CROSS MX-PRO VM 58|7899101636712||PC|00|65061000|||||
|0200|0000223588|CAPACETE LIBERTY MX PRO TAM.60|7899101636743||PC|00|65061000|||||
|0200|0000223589|CAPACETE LIBERTY MX PRO TAM.60|7899101636750||PC|00|65061000|||||
|0200|0000223658|CAPACETE EVOLUTION|||PC|00|87141900|||||
|0200|0000225050|CARCACA FAROL TIT 150|||PC|00|87141900|||||
|0220|UN|1,000|
|0200|0000225055|CARCA&CCEDIL;A FAROL RED. ADAPT&AACUTE;VEL P/CG 125 TITAN 00|7898421573745||PC|00|87141000|||||
|0220|UN|1,000|
|0200|0000229700|CHAVE BOMBA OLEO TIT 150 (CASTELO) 1204|||PC|00|87141900|||||
|0200|0000229705|CHAVE BOMBA OLEO CG (CASTELO 24MM) 1205|||PC|00|87141900|||||
|0200|0000230060|CARCACA PAINEL TIT 99 SUPERIOR|||PC|00|87141000|||||
|0220|UN|1,000|
|0200|0000230103|CARCACA PAINEL TIT 00 SUPERIOR PT|||PC|00|87141900|||||
|0220|UN|1,000|
|0200|0000230117|CARCACA PAINEL TIT 150 INFERIOR PT|||PC|00|87141900|||||
|0200|0000230280|CARCACA PAINEL TIT 150 SUPERIOR PT S/LENTE 10270|||PC|00|87141900|||||
|0200|0000240010|CAVALETE LAT TIT 99 C/BORR|||PC|00|87141900|||||
|0220|UN|1,000|
|0200|0000240100|CAVALETE CENTRAL TIT 150 09/|||PC|00|87141900|||||
|0200|0000240200|CAVALETE LAT TIT 00 C/BORR|07890002402000||PC|00|87141000|||||
|0220|UN|1,000|
|0200|0000240230|CAVALETE CENTRAL FAN 125 05/08 (KIT)|07890002402307||PC|00|87141000|||||
|0220|UN|1,000|
|0200|0000240250|CAVALETE CENTRAL TIT 99|||PC|00|87141000|||||
|0220|UN|1,000|
|0200|0000240260|CAVALETE CENTRAL TIT 00|||PC|00|87141900|||||
|0200|0000240270|CAVALETE CENTRAL TIT 150 09|||PC|00|87141900|||||
|0200|0000240300|CAVALETE CENTRAL C100 DREAM|||PC|00|87141900|||||
|0200|0000240301|CAVALETE LAT TWISTER|||PC|00|87141900|||||
|0200|0000240350|CAVALETE CENTRAL TIT 150 09/ (KIT)|||PC|00|87141000|||||
|0220|UN|1,000|
|0200|0000245055|CHAVE CONTATO TIT 95-99|07890002450551||PC|00|85365090|||||
|0200|0000245060|INT IG C CHS XLR 125 (97 ATÉ 02)|7898905500151||PC|00|85365090|||||
|0200|0000245085|INT IG C TRV GUIDOM XR 200 R (94 ATÉ 02)|7898905500083||PC|00|85365090|||||
|0200|0000245125|CHAVE CONTATO BROSS 125/150 03/05|||PC|00|85365090|||||
|0200|0000245160|CHAVE CONTATO FAZER 06/07 C/TRV|||PC|00|85365090|||||
|0200|0000245180|CHAVE CONTATO TWIS/TORN /FALC 06/08|||PC|00|87141900|||||
|0200|0000245190|CHAVE CONTATO LANDER 07/11 C  /TRV|||PC|00|85365090|||||
|0200|0000245270|CHAVE CONTATO POP 100 07/11|||PC|00|85365090|||||
|0200|0000245275|CHAVE CONTATO TIT 150 04-08 C/TRV ABS|07890002452753||PC|00|85365090|||||
|0200|0000245305|CHAVE CONTATO YBR 125 08-11/XTZ09-11|07890002453057||PC|00|85365090|||||
|0200|0000250011|FIACAO PRINCIPAL CG 150 TITAN KS|||PC|00|85443000|||||
|0220|UN|1,000|
|0200|0000260070|COLETOR ADMISSAO CG 83-04|07890002600703||PC|00|84099115|||||
|0220|UN|1,000|
|0200|0000274095|ESTATOR TIT 92/99 S/BASE|||PC|00|85119000|||||
|0220|UN|1,000|
|0200|0000287105|CORRENTE KMC 428H 116L TIT 99|||PC|00|73151210|||||
|0200|0000287140|CORRENTE KMC 428H 118L TIT 150/YBR|||PC|00|73151210|||||
|0200|0000290075|SUPORTE PISCA TIT 00 COXIM|||PC|00|87141000|||||
|0220|UN|1,000|
|0200|0000293005|CUBO RODA TRAS TIT 99(T)|||PC|00|87141900|||||
|0200|0000293010|CUBO RODA TRAS TIT 00|||PC|00|87141900|||||
|0200|0000293015|CUBO RODA TRAS BIZ|||PC|00|87141900|||||
|0200|0000293085|CUBO RODA TRAS TIT 99 300|||PC|00|87141000|||||
|0220|UN|1,000|
|0200|0000293185|CUBO RODA FAN 125 09 (T)|||PC|00|87141900|||||
|0200|0000293280|TAMBOR DE FREIO TRAS XTZ 12|||PC|00|87141900|||||
|0220|UN|1,000|
|0200|0000293315|CUBO RODA BROSS 125/150(T)/CRF230|||PC|00|87141900|||||
|0200|0000293400|CUBO RODA TIT 00(T)|07890002934006||PC|00|87141000|||||
|0220|UN|1,000|
|0200|0000293403|CUBO RODA TRAS TIT 99|||PC|00|87141000|||||
|0200|0000297015|KIT COROA/PINHAO VAZ TIT 150 Z43 Z16|||PC|00|87141000|||||
|0220|KT|1,000|
|0200|0000297025|KIT COROA/PINHAO YBR 125 03-08|07890002970257||PC|00|87141000|||||
|0220|KT|1,000|
|0200|0000297035|KIT COROA/PINHAO VAZ TWISTER Z37 Z13|||PC|00|87141000|||||
|0200|0000297040|KIT COROA/PINHAO BROSS 125|07890002970400||PC|00|87141000|||||
|0200|0000297045|KIT COROA/PINHAO VAZ BROSS 150 Z50 Z17|||PC|00|87141000|||||
|0220|KT|1,000|
|0200|0000297050|KIT COROA E PINHAO (KIT) HCP0009T|7890429174917||PC|00|87141000|||||
|0220|KT|1,000|
|0200|0000297065|KIT COROA/PINHAO VAZ CBX 200|||PC|00|88171900|||||
|0200|0000297070|KIT COROA/PINHAO VAZ FALCON HCP0006T|||PC|00|87141000|||||
|0200|0000297200|KIT COROA/PINHAO FAN 125 09 CX20|07890002972008||PC|00|87141000|||||
|0220|KT|1,000|
|0200|0000297205|KIT COROA E PINHAO (KIT) HCP0024T|7890429136038||PC|00|87141000|||||
|0200|0000305005|DISCO EMBREAG C100 BIZ/DREAM 1095|||PC|00|87141900|||||
|0200|0000305155|DISCO EMBREAG BROSS 125/150 1121|||PC|00|87141900|||||
|0200|0000310070|EIXO SECUND PINHAO TIT 99 950028|||PC|00|87141900|||||
|0200|0000310155|TENSOR CORR C/SABON TIT 00/150/YBR/YES|||PC|00|87141900|||||
|0200|0000311010|KIT BUCHA QUAD ELAST TIT 99 (2B-FER/2B-N|||PC|00|87141900|||||
|0220|UN|1,000|
|0200|0000315035|REDE ELAST P/CAPAC 35X35 PRETO (ARANHA)|||PC|00|40082900|||||
|0200|0000315105|ELASTICO BAGAG 2M PT PCT10 GANC FERR E|||PC|00|40082900|||||
|0200|0000320300|EMBLEMA FRONTAL TIT 99 PRATA|||PC|00|87141000|||||
|0220|UN|1,000|
|0200|0000320785|EMBLEMA FRONTAL TIT 00 PRATA|||PC|00|87141000|||||
|0220|UN|1,000|
|0200|0000320805|EMBLEMA FRONTAL TIT 150 PRATA|||PC|00|87141000|||||
|0220|UN|1,000|
|0200|0000325006|ESCAPE YBR TORK 788 CR (ES-399YC)|||PC|00|87141900|||||
|0200|0000325007|ESCAPE SPORT CBX 200 98/788 CCR|||PC|00|87141900|||||
|0200|0000325009|ESCAPE TIT 00 ES TORK 788 CR (ES-389HC)|||PC|00|87141900|||||
|0200|0000325024|ESCAPE SPORT TIT 00VES 788 PT|||PC|00|87141900|||||
|0200|0000325032|ESCAPE TIT 150 KS 09/FAN09 TORK V3 ALUM|||PC|00|87141900|||||
|0220|UN|1,000|
|0200|0000325033|ESCAPE  SPORT TIT 150 ESD V3 ALUM POLIDO|||PC|00|87141900|||||
|0200|0000325034|ESCAPE TIT 00 KS TORK V3 ALUM|||PC|00|87141900|||||
|0220|UN|1,000|
|0200|0000325036|ESCAPE TIT 99 TORK V3 ALUM (ES-491HP)|||PC|00|87141900|||||
|0220|UN|1,000|
|0200|0000325037|ESCAPE SPORT YBR 125 V3 ALUM POLIDO|||PC|00|88171900|||||
|0200|0000325040|ESCAPE SPORT C100 BIZ V3 ALUM POLIDO|||PC|00|87141900|||||
|0200|0000325042|ESCAPE SPORT YBR 125 FACTOR V3 ALUM POLI|||PC|00|88171900|||||
|0200|0000325043|ESCAPE BROSS 125/150 TORK V3 ALUM|||PC|00|87141900|||||
|0220|UN|1,000|
|0200|0000325044|ESCAPE BROSS 150 09 V3 ALUM|||PC|00|87141900|||||
|0200|0000325051|ESCAPE YBR 125 TORK 788 PT (ES-399YP)|||PC|00|87141900|||||
|0200|0000325052|ESCAPE ORIG TWISTER CROM (SO PONTEIRA)|07890003250525||PC|00|87141000|||||
|0220|UN|1,000|
|0200|0000325055|ESCAPE TIT 99 TORK ORIG CR|||PC|00|87141000|||||
|0220|UN|1,000|
|0200|0000325057|ESCAPE POP 100 ALUM V3  ALUM POLID|||PC|00|87141900|||||
|0200|0000325060|ESCAPE ORIG CB 400 CR|||PC|00|87141900|||||
|0200|0000325061|ESCAPE TIT 150 KS TORK V3 ALUM|||PC|00|87141900|||||
|0220|UN|1,000|
|0200|0000325070|ESCAP. MOD. ORIGINAL COMPATIVEL C/ BIZ 125|7899101628021||PC|00|87141000|||||
|0200|0000325075|ESCAPE CBX 200 98 ED TORK ORIG CR (ES-109HC)|||PC|00|87141000|||||
|0200|0000325080|ESCAPE XLR 125/NX150 TORK ORIG PT|||PC|00|87141000|||||
|0220|UN|1,000|
|0200|0000325090|ESCAPE ORIG TIT 00 KS CROM|07890003250907||PC|00|87141000|||||
|0220|UN|1,000|
|0200|0000325095|ESCAPE TIT 00 ES TORK ORIG CR|||PC|00|87141000|||||
|0220|UN|1,000|
|0200|0000325155|ESCAPE CG 85/TOD TORK ORIG CR|||PC|00|87141000|||||
|0200|0000325165|ESCAPE YBR 125 TORK ORIG CR|||PC|00|87141900|||||
|0220|UN|1,000|
|0200|0000325183|CURVA ORIGINAL DO MOTOR COMPATIVEL C/ NXR 125/150|7899101635944||PC|00|87141000|||||
|0200|0000325184|CURVA ORIG XLR 125|||PC|00|87141000|||||
|0200|0000325186|CURVA ORIG XR 200 (CV-23)|||PC|00|87141000|||||
|0200|0000325187|CURVA ORIG XTZ|||PC|00|87141900|||||
|0200|0000325192|ESCAPE TIT 150 KS 09 TORK ORIG CR|||PC|00|87141000|||||
|0200|0000325200|ESCAPE FAN 125 /08 TORK ORIG CR|||PC|00|87141900|||||
|0200|0000325370|ESCAPE C100 BIZ ORIG CR|||PC|00|87141000|||||
|0220|UN|1,000|
|0200|0000326000|ESCAPE POP 100 CR ORIG|||PC|00|87141900|||||
|0200|0000326075|ESCAPE ORIG XR 200 PT|||PC|00|87141900|||||
|0200|0000326110|ESCAP. MOD. ORIGINAL COMPATIVEL C/ NX 200|7899101604193||PC|00|87141000|||||
|0200|0000326675|ESCAPE ORIG TIT 150 KS S/PROT CR|07890003266755||PC|00|87141000|||||
|0200|0000326685|ESCAPE BROSS 125/150 ORIG PT|||PC|00|87141900|||||
|0200|0000326775|ESCAPE XR 200 TORK EIGHT CR (ES-287H)|||PC|00|87141900|||||
|0200|0000326985|ESCAPE XTZ 125 TORK ORIG|||PC|00|87141000|||||
|0220|UN|1,000|
|0200|0000327087|ALCA TRAS ORIG CG 83/90 CR|||PC|00|87141900|||||
|0220|UN|1,000|
|0200|0000328125|ESPELHO FREIO D TIT 150 KS/JOB|||PC|00|87141900|||||
|0220|UN|1,000|
|0200|0000328320|ESCAPE BROSS 125/150TORK 788 PT ES-382HP|||PC|00|87141900|||||
|0200|0000328410|ESPELHO FREIO D BROSS 125/150 PRETO|||PC|00|88171900|||||
|0220|UN|1,000|
|0200|0000331300|ESPELHO TIT 00 ORIG (PAR)|07890003313008||PC|00|87141000|||||
|0220|UN|1,000|
|0200|0000331325|ESPELHO UNIV GVS MINI REDON LENT CONVEXA|||PC|00|88171900|||||
|0220|UN|1,000|
|0200|0000331335|ESPELHO OPTIUM H.CROM LE|||PC|00|70091000|||||
|0200|0000331350|ESPELHO TIT 00 MED (PAR)|07890003313503||PC|00|87141000|||||
|0220|UN|1,000|
|0200|0000331355|0.039 0.040 RETROV. TITAN 99 ADAPTAVEL · LINHA HONDA PAR|||PC|00|87141000|||||
|0200|0000331360|ESPELHO YBR 125 M.ORIG (PAR) (6.624)|||PC|00|87141000|||||
|0200|0000331370|0.013 0.014 RETROV. MINI TITAN 00 H. CROMADA ADAPTAVEL · LIN|||PC|00|87141000|||||
|0220|UN|1,000|
|0200|0000331380|ESPELHO UNIV GVS MINI REDON|||PC|00|87141900|||||
|0220|UN|1,000|
|0200|0000331385|RETROV.MINI TITAN00 ADAPT.HONDA CROM. L.PRATA L D|||PC|00|87141000|||||
|0220|UN|1,000|
|0200|0000331390|ESPELHO TIT 00 MED CROM LE|||PC|00|70091000|||||
|0220|UN|1,000|
|0200|0000331402|RETROV. MICRO RED. 90 H. CROM. L. PRATA PAR HONDA|||PC|00|87141000|||||
|0200|0000331403|ESPELHO C125 BIZ/POP MED C/ARTIC PAR 3.3|||PC|00|87141900|||||
|0200|0000331404|RETROV. MINI TITAN 00 C ARTICULADOR ADAPTAVEL · LINHA HONDA|||PC|00|87141000|||||
|0220|UN|1,000|
|0200|0000331406|RETROV. RED. C ARTICULADOR H. PRETA L. PRATA PAR H|||PC|00|87141000|||||
|0220|UN|1,000|
|0200|0000331409|ESPELHO INTRUDER CROM LE|||PC|00|88171900|||||
|0200|0000331411|ESPELHO INTRUDER CROM LD|||PC|00|88171900|||||
|0200|0000331435|ESPELHO UNIC GVS MINI REDON DUTY|||PC|00|88171900|||||
|0200|0000331440|RETROV.MINI OPTIUM H.PRETA L E|||PC|00|70091000|||||
|0200|0000331445|RETROV.MINI OPTIUM H.PRETA L D|||PC|00|70091000|||||
|0200|0000331480|ESPELHO BROSS 125/150 M.ORIG (PAR)|||PC|00|70091000|||||
|0220|UN|1,000|
|0200|0000331490|ESPELHO YBR MED PAR|||PC|00|87141900|||||
|0200|0000331505|RETROV. OPTIUM H. PRETA ADAPT. LINHA HONDA PAR|||PC|00|87141000|||||
|0220|UN|1,000|
|0200|0000331550|ESPELHO WEB SUNDOWN MED (PAR)|||PC|00|87141000|||||
|0200|0000331600|ESPELHO BROSS 150 09 ORIG (PAR)|07890003316009||PC|00|87141000|||||
|0220|UN|1,000|
|0200|0000333010|TENSOR CORR C/SABON TIT 150 FERR|||PC|00|73262000|||||
|0200|0000333020|TENSOR CORR C/SABON TIT 99 FERR|||PC|00|87141900|||||
|0200|0000333025|ESTICADOR CORR C100 BIZ/DREAM FP|||PC|00|87141000|||||
|0220|UN|1,000|
|0200|0000333030|ESTICADOR CORR C100 BIZ/DREAM FG 1061|||PC|00|87141900|||||
|0220|UN|1,000|
|0200|0000333045|ESTICADOR CORR YBR C/PORCA PCT5 0227|||PC|00|87141900|||||
|0220|UN|1,000|
|0200|0000333105|TENSOR DE CORR C/SABON CBX 200  FERRE|||PC|00|73262000|||||
|0200|0000333310|ESTICADOR CORR TIT 99/00 C/PORCA|||PC|00|87141000|||||
|0220|UN|1,000|
|0200|0000333315|ESTICADOR CORR TIT 00/150 C/PORCA|||PC|00|87141900|||||
|0220|UN|1,000|
|0200|0000336075|ELEMENTO FILTRO AR TIT 00 CINZA|||PC|00|84213100|||||
|0220|UN|1,000|
|0200|0000336150|FILTRO AR TWISTER MOD.ORIG|||PC|00|87141900|||||
|0200|0000336190|FILTRO AR TIT 00/04 MOD ORIG|||PC|00|87141900|||||
|0200|0000341005|FLANGE CUBO D CG/BROSS150|||PC|00|87141900|||||
|0220|UN|1,000|
|0200|0000345020|FUSIVEL VIDRO 20A|||PC|00|85361000|||||
|0220|UN|1,000|
|0200|0000350005|GUARNICAO CUBA CARBURADOR HDA CG/ML/TUR/XL125/XL250R/NX150/2|7899641813802||PC|00|40169300|||||
|0200|0000350020|GUARNICAO TAMPA VALV CG/TUR/TIT PCT10 MB|||PC|00|40169300|||||
|0220|UN|1,000|
|0200|0000350360|GUARNICAO TAMPA VALV TIT 150|||PC|00|88171900|||||
|0200|0000358001|GUIDAO ALUM C/TRV/ESP DOU|||PC|00|87141900|||||
|0200|0000358002|GUIDAO ALUM C/TRV/ESP BRILHO|||PC|00|87141900|||||
|0200|0000358003|GUIDAO ALUM PRETO C/TRV/ESPUMA 8291|||PC|00|87141900|||||
|0200|0000358004|GUIDAO ALUM ALTO DOURADO|||PC|00|87141900|||||
|0200|0000358005|GUIDAO ALUM ALTO BRILHO|||PC|00|87141900|||||
|0200|0000358006|GUIDAO ALUM ALTO PRETO|||PC|00|87141000|||||
|0220|UN|1,000|
|0200|0000358007|GUIDAO ALUM BX DOURADO|||PC|00|87141900|||||
|0200|0000358009|GUIDAO ALUM BX PRETO|||PC|00|87141900|||||
|0200|0000358102|GUIDAO CG TITAN E FAN 150 09/13 ORIG S/ CONTRAPESO CROMADO|7898377576029||PC|00|87141000|||||
|0220|UN|1,000|
|0200|0000358160|GUIDAO CBX 200 CR S.PES S.ROS|||PC|00|87141000|||||
|0220|UN|1,000|
|0200|0000358175|GUIDAO NX 150 CR|||PC|00|88171900|||||
|0200|0000358260|GUIDAO TIT 00 CROM|07890003582602||PC|00|87141000|||||
|0220|UN|1,000|
|0200|0000358265|GUIDAO YBR 125 CR|||PC|00|87141000|||||
|0200|0000358290|GUIDAO ALTO EM V PT|||PC|00|87141900|||||
|0220|UN|1,000|
|0200|0000358415|GUIDAO BROSS 125/150 /08 PR|||PC|00|87141900|||||
|0220|UN|1,000|
|0200|0000358420|GUIDAO BROSS 125/150 /08 PT|||PC|00|87141000|||||
|0200|0000358425|GUIDAO TIT 150 /08 CR|||PC|00|87141900|||||
|0220|UN|1,000|
|0200|0000358465|GUIDÃO YES 125 CR (GU-102SZ)|||PC|00|87141900|||||
|0200|0000358480|GUIDAO FALCON PT (GU-109HP)|||PC|00|87141900|||||
|0200|0000359026|STOP FREIO D TIT 00 95/04|||PC|00|85365090|||||
|0220|UN|1,000|
|0200|0000359080|CHAVE LUZ TIT 150 KS 04/08|||PC|00|85365090|||||
|0200|0000359090|INTERRUPTOR LUZ TIT 00 KS 4002|||PC|00|87141900|||||
|0200|0000359105|CHAVE LUZ TIT 95/00/CAR95/00|||PC|00|87141900|||||
|0200|0000361020|ESPELHO TIT 00 MED (PAR)|||PC|00|87141900|||||
|0200|0000362035|GUIDAO TWISTER CR|||PC|00|87141900|||||
|0200|0000365250|JG JUNTA COMP S/BORR TIT 00/BROS125 CAB.|||PC|00|84841000|||||
|0220|UN|1,000|
|0200|0000365375|GUARNICAO TAMPA VALV TIT 150 (KIT)|||PC|00|87141900|||||
|0200|0000370235|ANEL ESC HO CG/ML 125 EXCETO CDI|7895442563090||PC|00|87141000|||||
|0220|UN|1,000|
|0200|0000370470|JUNTA CABECOTE TIT 92ED/XLR125 CAB.ACO|||PC|00|87141900|||||
|0200|0000370860|JUNTA CILINDRO TIT 00|||PC|00|87141900|||||
|0220|UN|1,000|
|0200|0000372015|KIT REL VAZ YBR 02 Z43.Z14 428H.118L|||PC|00|87141000|||||
|0220|KT|1,000|
|0200|0000372025|KIT REL VAZ TIT 00 Z44 Z14 428H 116L|||PC|00|87141900|||||
|0220|KT|1,000|
|0200|0000372030|KIT RELACAO TIT 99|07890003720301||PC|00|87141000|||||
|0220|KT|1,000|
|0200|0000372040|KIT REL VAZ XLR 125 Z50.Z15 428H.126L|||PC|00|87141900|||||
|0220|KT|1,000|
|0200|0000372050|KIT (KIT) H03800T|7890429125759||PC|00|87141000|||||
|0220|KT|1,000|
|0200|0000372060|KIT REL VAZ NX 200 Z43.Z13 520H.104L|||PC|00|87141900|||||
|0220|KT|1,000|
|0200|0000372080|KIT REL VAZ TORNADO Z38.Z13 520H.104L|||PC|00|87141900|||||
|0220|KT|1,000|
|0200|0000372150|KIT REL VAZ XR 200 Z43.Z13 520H.108L|||PC|00|87141900|||||
|0220|KT|1,000|
|0200|0000372175|KIT REL VAZ TWISTER Z37 Z13 520H 106L|||PC|00|87141900|||||
|0220|KT|1,000|
|0200|0000372190|KIT COROA/PINHAO VAZ YBR 02 Z43 Z14|||PC|00|87141000|||||
|0220|KT|1,000|
|0220|UN|1,000|
|0200|0000372501|KIT REL VAZ CB 300 37/13 520HOR 110L|||PC|00|87141900|||||
|0220|KT|1,000|
|0200|0000372503|KIT RELACAO FAN 125 09-12|07890003725030||PC|00|87141000|||||
|0220|KT|1,000|
|0220|UN|1,000|
|0200|0000373025|KIT COROA/PINHAO TIT 00 CX20|07890003730256||PC|00|87141000|||||
|0220|KT|1,000|
|0200|0000373030|KIT COROA/PINHAO TIT 99 CX20|07890003730300||PC|00|87141000|||||
|0220|KT|1,000|
|0200|0000373041|KIT (KIT) H03805T|7890429133686||PC|00|87141000|||||
|0200|0000373195|KIT RELACAO BROSS 150 05-08 CX10|07890003731956||PC|00|87141000|||||
|0220|KT|1,000|
|0200|0000373205|KIT RELACAO YBR 125 03-08|07890003732052||PC|00|87141000|||||
|0220|KT|1,000|
|0200|0000373230|KIT RELACAO TIT 150 04-08|07890003732304||PC|00|87141000|||||
|0220|KT|1,000|
|0220|UN|1,000|
|0200|0000373250|KIT REL VAZ TIT 150 SPORT Z42.Z15 428H|||PC|00|87141900|||||
|0220|KT|1,000|
|0200|0000373301|KIT COROA/PINHAO VAZ TIT 00 (CX15P)|||PC|00|88171900|||||
|0200|0000373302|KIT COROA/PINHAO VAZ TIT 150 (CX15P)|||PC|00|87141900|||||
|0200|0000373303|KIT COROA/PINHAO VAZ FAN 09 (CX15O)|||PC|00|88171900|||||
|0200|0000374050|LAMPADA FAROL BIODO 12V 35/35W BIZ|||PC|00|85392110|||||
|0200|0000380020|LENTE LANT XR 200/XLR/XLX/NX/SAH VERM|||PC|00|87141900|||||
|0220|UN|1,000|
|0200|0000380025|LENTE LANT CG 82/SHINERAY VERM|||PC|00|85122022|||||
|0220|UN|1,000|
|0200|0000380075|LENTE PISCA TIT 99 FUME|||PC|00|88171900|||||
|0200|0000380100|LENTE PISCA XLR 125/XR/TOR/BR FUME P-AMA|||PC|00|85122029|||||
|0220|UN|1,000|
|0200|0000380105|LENTE PISCA XLR 125/XR/TOR/BR AMAR|||PC|00|85122029|||||
|0220|UN|1,000|
|0200|0000380120|LENTE PISCA YBR 125 04/08/XTZ03 AM ORIG|||PC|00|85122029|||||
|0220|UN|1,000|
|0200|0000380135|LENTE PISCA YBR 125 04/08/XTZ03 FUME|||PC|00|87141900|||||
|0220|UN|1,000|
|0200|0000380160|LENTE PISCA TIT 99 AMAR|||PC|00|87141900|||||
|0200|0000380385|LENTE PISCA TIT 99 FUME P-AMARELO|||PC|00|85122029|||||
|0220|UN|1,000|
|0200|0000380450|LENTE PISCA TIT 00 AM UNIVERSAL|||PC|00|85122029|||||
|0220|UN|1,000|
|0200|0000380705|LENTE PISCA TIT 00 AMAR UNIV|||PC|00|87141900|||||
|0200|0000380830|LENTE PISCA TIT 00 FUME PISCA AMARELO|||PC|00|85122029|||||
|0220|UN|1,000|
|0200|0000380855|LENTE PISCA XLR 125/XR/TOR/BR FUME|||PC|00|88171900|||||
|0220|UN|1,000|
|0200|0000382005|GRAXA BRANCA BISNAGA 80G|||PC|00|27101932|||||
|0220|UN|1,000|
|0200|0000383325|MANGUEIRA GASOLINA METRO|||PC|00|39173229|||||
|0220|UN|1,000|
|0200|0000387030|MANETE FREIO TIT 00 KS/TIT99/150|07890003870303||PC|00|87141000|||||
|0220|UN|1,000|
|0200|0000387070|MANETE EMBREAG TIT 00/TIT92/95|07890003870709||PC|00|87141000|||||
|0220|UN|1,000|
|0200|0000387155|MANETE FREIO C100 BIZ 3018|||PC|00|87141000|||||
|0220|UN|1,000|
|0200|0000387255|MANETE CROM MINI TIT 99/00KS/FAN|||PC|00|87141900|||||
|0220|UN|1,000|
|0200|0000390100|MANICOTO DIR CG 83/99/KS C/ROSCA|07890003901007||PC|00|87141000|||||
|0220|UN|1,000|
|0200|0000390120|MANICOTO DIR YBR 125/RX/RD125/DT180|||PC|00|87141000|||||
|0220|UN|1,000|
|0200|0000390125|MANICOTO ESQ TIT 00 KS|07890003901250||PC|00|87141000|||||
|0220|UN|1,000|
|0200|0000390190|MANICOTO DIR TIT 00 KS S/ROSCA|07890003901908||PC|00|87141000|||||
|0220|UN|1,000|
|0200|0000393005|MANOPLA ORIG C100 BIZ PT|07890003930052||PC|00|87141000|||||
|0200|0000393040|MANOPLA TIT GEL (SIMILAR INTERLAGS)|||PC|00|87141900|||||
|0200|0000393060|MANOPLA ORIG BROSS 125/150/TOR/XLR (PAR)|07890003930601||PC|00|87141000|||||
|0200|0000397140|MANOPLA CIRCUIT INTERLGS VM|||PC|00|87141000|||||
|0220|UN|1,000|
|0200|0000397150|MANOPLA CIRCUIT BICOMP PT/VM|||PC|00|87141900|||||
|0220|UN|1,000|
|0200|0000397155|MANOPLA CIRCUIT BICOMP PT/AZ|||PC|00|87141900|||||
|0220|UN|1,000|
|0200|0000397165|MANOPLA CIRCUIT BICOMP CZ/PT|||PC|00|87141900|||||
|0220|UN|1,000|
|0200|0000397195|MANOPLA ORIG C125 BIZ|||PC|00|88171900|||||
|0200|0000397200|MANOPLA CIRCUIT INTERLGS 2 BICOMP CZ/PT|||PC|00|87141900|||||
|0220|UN|1,000|
|0200|0000397205|MANOPLA CIRCUIT INTERLGS 2 BICOMP PT/AM|||PC|00|87141900|||||
|0220|UN|1,000|
|0200|0000397210|MANOPLA CIRCUIT INTERLGS 2 BICOMP PT/AZ|||PC|00|87141900|||||
|0220|UN|1,000|
|0200|0000397215|MANOPLA CIRCUIT INTERLGS 2 BICOMP PT/VM|||PC|00|87141900|||||
|0220|UN|1,000|
|0200|0000397235|MANOPLA CIRCUIT ROCKET|||PC|00|87149990|||||
|0220|UN|1,000|
|0200|0000397260|MANOPLA ADAPTAVEL P/ BIZ 125CC 06/09 PRETA|7898421572502||PC|00|87141000|||||
|0200|0000400010|MEDIDOR NIVEL OLEO TIT 00 241700|||PC|00|87141000|||||
|0220|UN|1,000|
|0200|0000402050|MESA GARFO YBR 125 SUP|||PC|00|87141900|||||
|0200|0000403060|KIT REP MESA MAGNETO HDA CG 125 C/RETENTOR ATHENA SIL C/O'RI|7899641814175||PC|00|40169300|||||
|0200|0000403115|MESA ESCOVA TIT ES/CBX/NX/XR/SAH|07890004031154||PC|00|85119000|||||
|0220|UN|1,000|
|0200|0000405003|MOLA CAVAL CENTRAL TWISTER|||PC|00|87141900|||||
|0200|0000405009|MOLA CAVAL LAT BROSS 125 /150|||PC|00|87141900|||||
|0200|0000405010|MOLA ACIONADOR TENSOR NX 200/CBX|||PC|00|73202010|||||
|0200|0000405020|MOLA VARETA FREIO CG/ML/TU PCT10|||PC|00|87141900|||||
|0200|0000405053|MOLA CAVAL CENTRAL YES|||PC|00|87141900|||||
|0200|0000405087|MOLA GRAMPO ARO FAROL CG/ML/TU RETANG|||PC|00|73202010|||||
|0200|0000405200|MOLA TELESCOPICA YBR 125|||PC|00|73202010|||||
|0220|UN|1,000|
|0200|0000405210|MOLA CAVAL CENTRAL CG/TIT PCT10|||PC|00|73202010|||||
|0220|UN|1,000|
|0200|0000405215|MOLA CAVAL LAT TIT 99/00 PCT10|||PC|00|73202010|||||
|0220|UN|1,000|
|0200|0000405240|MOLA PEDAL FREIO YBR|||PC|00|73202010|||||
|0200|0000405300|KIT MOLA EXTERNA PEDAL PARTIDA CG|||PC|00|73202010|||||
|0220|UN|1,000|
|0200|0000405350|MOLA CAVAL LAT YBR|||PC|00|87141900|||||
|0200|0000420003|PARAL DIANT TIT 99-00 AZUL C/S|07890004200031||PC|00|87141000|||||
|0220|UN|1,000|
|0200|0000420008|PARALAMA DIANTEIRO COMPATIVEL A FAN 125 2005/13 PINT. PRETO|7898443617519||PC|00|87141000|||||
|0220|UN|1,000|
|0200|0000420180|PARALAMA TRASEIRO PINTADO compativel a CG TODOS PRETO (nao o|7898443608074||PC|00|87141000|||||
|0220|UN|1,000|
|0200|0000420215|PARALAMA TRASEIRO PINTADO compativel a CG 87/88/89 VERMELHO|7898443608135||PC|00|87141000|||||
|0220|UN|1,000|
|0200|0000420225|PARAL TRAS CG 83/85 VM|||PC|00|87141000|||||
|0220|UN|1,000|
|0200|0000420245|PARAL DIANT TIT 98-99 VERM C/S|07890004202455||PC|00|87141000|||||
|0220|UN|1,000|
|0200|0000420260|PARAL DIANT TIT 00/04 VM IPIR S/S|||PC|00|87141000|||||
|0220|UN|1,000|
|0200|0000420270|PARAL DIANT TIT 01 AZUL ICARAI|07890004202707||PC|00|87141000|||||
|0220|UN|1,000|
|0200|0000420285|PARAL DIANT TIT 95-97 VERM C/S|07890004202851||PC|00|87141000|||||
|0220|UN|1,000|
|0200|0000420295|PARAL DIANT TIT 96-97 GRAF C/S|07890004202950||PC|00|87141000|||||
|0220|UN|1,000|
|0200|0000420690|PARAL DIANT TIT 00/01 VD MET S/S|||PC|00|87141000|||||
|0220|UN|1,000|
|0200|0000420695|PARAL DIANT TIT 00-01 PRATA/CZ METALICO|07890004206958||PC|00|87141000|||||
|0220|UN|1,000|
|0200|0000420711|PARAL TRAS TOD/TIT 90/99 PT|||PC|00|87141000|||||
|0220|UN|1,000|
|0200|0000420740|PARALAMA TRASEIRO COMPATIVEL A TITAN 2000/2004 PRETO - nao o|7898443607992||PC|00|87141000|||||
|0220|UN|1,000|
|0200|0000421320|PARAF BANCO INF KS/ES/TI150 TRIL|7899468007637||PC|00|73181500|||||
|0200|0000421500|PARAL DIANT TIT 150 04 PT WP1930|||PC|00|87141900|||||
|0200|0000421615|PARAL DIANT TIT 02-03 VERDE|07890004216155||PC|00|87141000|||||
|0220|UN|1,000|
|0200|0000421625|PARAL DIANT FAN 125 05/08 INJET PT S/SUP|||PC|00|87141900|||||
|0220|UN|1,000|
|0200|0000421635|PARAL DIANT TIT 02 AZUL ATESSA|07890004216353||PC|00|87141000|||||
|0220|UN|1,000|
|0200|0000421650|PARAL DIANT TIT 03-04 AZUL ITAJAI|07890004216506||PC|00|87141000|||||
|0220|UN|1,000|
|0200|0000422225|PF SX FLG M6X1,00 X 28 RI CH10 ZNTRIAR|7894507802723||PC|00|73181500|||||
|0220|UN|1,000|
|0200|0000425010|PASTILHA FREIO XTZ 125 /03 D|||PC|00|87141000|||||
|0200|0000425020|PASTILHA FREIO YBR 125/TWIST|||PC|00|87141000|||||
|0200|0000425040|PASTILHA FREIO TIT 150 09-13(D)|07890004250401||PC|00|87141000|||||
|0200|0000425051|CONJ. PASTILHA DE FREIO HORNET 600CC DIANT 2005 ~ 11 S/ ABS|||PC|00|87141000|||||
|0200|0000425052|PASTILHA FREIO HORNET 600 S/ABS TRAS|||PC|00|68138110|||||
|0200|0000430080|PASTILHA FREIO LANDER TRAS 946|||PC|00|87141000|||||
|0200|0000433605|CARCACA PAINEL TIT 99 INFERIOR|||PC|00|87141900|||||
|0220|UN|1,000|
|0200|0000433667|CARCACA PAINEL TIT 00 INTERNA BCA|||PC|00|87141900|||||
|0220|UN|1,000|
|0200|0000434365|KIT BUCHA BALANCA TIT 99 2ACO+2NYL|07890004343653||PC|00|87141000|||||
|0220|UN|1,000|
|0200|0000434370|VARETA VALV CG/TIT/XLR125/BROSS125|||PC|00|87141900|||||
|0220|UN|1,000|
|0200|0000437013|PATIM DE FREIO XL125 T SOB MEDIDA 0,25MM|||PC|00|87141000|||||
|0200|0000437014|PATIM FREIO T XL 125/BIZ/BROSS MED 0,50|||PC|00|87141000|||||
|0200|0000437015|PATIM FREIO D CG/TOD/TIT/XL|||PC|00|87141000|||||
|0200|0000437030|PATIM FREIO T CBX 200/NX350 DF126|007890004370307||PC|00|87141000|||||
|0200|0000437035|PATIM FREIO XL 125/BIZ/BROSS(T)|07890004370352||PC|00|87141000|||||
|0220|UN|1,000|
|0200|0000437040|PATIM FREIO T TIT 00/TWIST|||PC|00|87141000|||||
|0200|0000437060|PATIM FREIO T YES 125/INTR DFS-402|||PC|00|68138110|||||
|0200|0000437090|PATIM DE FREIO TITAN 2000 EX/KS SOB MEDIDA 0,25MM|||PC|00|87141000|||||
|0200|0000437110|PATIM FREIO YBR 125/XTZ(T)|07890004371106||PC|00|68138110|||||
|0200|0000437140|PATIM FREIO T TIT 00/TWIST 504 CX C/30|||PC|00|87141900|||||
|0220|UN|1,000|
|0200|0000437155|PATIM FREIO T XL 125/BIZ/BROSS|||PC|00|87141000|||||
|0220|UN|1,000|
|0200|0000437305|PATIM FREIO YBR 125 FACTOR/FAZER(T)|07890004373056||PC|00|87141000|||||
|0200|0000437400|PATIM FREIO T XLS 125/BIZ/BROSS PRO|||PC|00|87141000|||||
|0200|0000437401|PATIM FREIO T TIT 00/TWIST|||PC|00|87141000|||||
|0200|0000440025|PATIM FREIO T XL 125/BIZ/BROSS|||PC|00|87141000|||||
|0220|UN|1,000|
|0200|0000440055|PATIM FREIO T TIT 00/TWIST 302|||PC|00|87141000|||||
|0220|UN|1,000|
|0200|0000443005|PRESILHA FIX RABETA C/PAR/ARR TIT/CBX200|||PC|00|87141900|||||
|0200|0000445041|ESTRIBO ESPEC TIT 00|||PC|00|87141000|||||
|0220|UN|1,000|
|0200|0000445140|ESTRIBO ESPEC TIT 99/CG MACICO|||PC|00|87141900|||||
|0200|0000446070|PEDAL FREIO TIT 99 CR|||PC|00|87141900|||||
|0200|0000446075|PEDAL FREIO TIT 00 CR|||PC|00|87141900|||||
|0200|0000446080|PEDAL FREIO C100 BIZ CR|||PC|00|87141000|||||
|0220|UN|1,000|
|0200|0000446104|PEDAL FREIO POP 100 CR|||PC|00|87141900|||||
|0200|0000448100|PEDAL  CAMBIO TIT 150 ZINC|||PC|00|87141900|||||
|0220|UN|1,000|
|0200|0000448103|PEDAL DE CAMBIO MOD ORIG CG/TODAY/TITAN ZINC|||PC|00|87149600|||||
|0220|UN|1,000|
|0200|0000448800|PEDAL CAMBIO TIT 00 CR|||PC|00|87141900|||||
|0220|UN|1,000|
|0200|0000450015|PEDAL PARTIDA COMP TIT 99|||PC|00|87141000|||||
|0220|UN|1,000|
|0200|0000450115|PEDAL PARTIDA COMP C100 BIZ S/BORR|||PC|00|87141900|||||
|0220|UN|1,000|
|0200|0000455070|PEDALEIRA TRAS TOD/TIT REDON 8311|||PC|00|87141900|||||
|0220|UN|1,000|
|0200|0000465030|PINHAO VAZ Z14 CG/TIT/XL/XLR/CBX150|07890004650300||PC|00|87141000|||||
|0200|0000465230|PINHAO (FRONT SPROCKET) HB17.113|7890429048508||PC|00|87141000|||||
|0200|0000466360|PINHAO VAZ Z16 TIT 150 04ED|07890004663607||PC|00|87141000|||||
|0200|0000466390|PINHAO VAZ Z14 FAN 09|||PC|00|87141900|||||
|0200|0000470250|PISCA TIT 99|||PC|00|87141900|||||
|0220|UN|1,000|
|0200|0000471415|KIT PISTAO C/ANEL TU/XLS 0.75|||PC|00|88171900|||||
|0220|KT|1,000|
|0200|0000471425|PISTAO C/ ANEIS (STD) HONDA CG TODAY|7890537119954||PC|00|84099120|||||
|0200|0000471430|PISTAO C/ ANEIS (025) HONDA CG TODAY|7890537119961||PC|00|84099120|||||
|0220|KT|1,000|
|0200|0000471445|KIT PISTAO C/ANEL TOD/TIT 1.00|||PC|00|84099120|||||
|0220|KT|1,000|
|0200|0000471580|KIT PISTAO C/ANEL YBR 125/XTZ STD|||PC|00|88171900|||||
|0200|0000472060|PISCA YBR 125 04 /08 XTZ D/T AMAR 4614|||PC|00|87141900|||||
|0220|UN|1,000|
|0200|0000472110|PISCA TIT 00 C/COXIM DD/TE|||PC|00|85122022|||||
|0220|UN|1,000|
|0200|0000472115|PISCA TIT 00 C/COXIM DE/TD|||PC|00|85122022|||||
|0220|UN|1,000|
|0200|0000480535|PORCA QUAD ELAST BALANÇA GG/TIT 5690|||PC|00|87141900|||||
|0200|0000480735|PORCA COROA CG/ML/TUR M10XL1.25 SEXT C/F|||UN|00|73181600|||||
|0220|PC|1,000|
|0200|0000490020|PORTA CORRENTE DE TRANSMISS&ATILDE;O ADAP. P/ CG125 00/04, 8|||PC|00|87141000|||||
|0220|UN|1,000|
|0200|0000490035|PORTA CORR C100/C125 BIZ|||PC|00|87141900|||||
|0220|UN|1,000|
|0200|0000490070|PORTA CORR TIT 99/00 S/ADES|||PC|00|87141000|||||
|0220|UN|1,000|
|0200|0000490080|PORTA CORRENTE TRANSMISS&ATILDE;O YBR/FACTOR 125 (2000/2013)|7898512739890||PC|00|87141000|||||
|0220|UN|1,000|
|0200|0000490090|PORTA CORR XLX 250/350/NX150/200/XR/XLR 180700|||PC|00|87141900|||||
|0200|0000490110|PORTA CORR XTZ 125|||PC|00|87141900|||||
|0220|UN|1,000|
|0200|0000490120|PORTA CORRENTE DE TRANSMISS&ATILDE;O ADAP. P/ BROS 125/150/|7898512739852||PC|00|87141000|||||
|0220|UN|1,000|
|0200|0000495015|TRAVA TAMPA LATERAL C/CHV TIT 00/FAN/CAG|||PC|00|87141900|||||
|0200|0000500740|PRI COROA CG M10X1,25X36,5 ZA|7894507800095||UN|00|73181500|||||
|0220|PC|1,000|
|0200|0000501012|PROTETOR MAO HPS ALUM AZ|||PC|00|87141900|||||
|0200|0000501013|PROTETOR MAO HPS ALUM PT (PM-04PT)|||PC|00|87141900|||||
|0200|0000501320|LUVA MEIO DEDO CAMURCA C/NYL TAM.M (PAR)|||PC|00|61161000|||||
|0200|0000501325|LUVA MEIO DEDO CAMURCA C/NYL TAM.G (PAR)|||PC|00|61161000|||||
|0200|0000502030|PROTETOR CALIF TIT 99 CR (PR-08HC)|||PC|00|87141000|||||
|0200|0000502035|PROTETOR CALIF TIT 00 CR|||PC|00|87141900|||||
|0200|0000502345|PROTETOR DUAS BARR (SPORT) BROSS 125/150|||PC|00|87141900|||||
|0200|0000502415|PROTETOR DUAS BARR TIT 00 CR|||PC|00|87141000|||||
|0200|0000502416|PROTETOR DUAS BARR TIT 00 PT|||PC|00|87141000|||||
|0200|0000502435|PROTETOR DUAS BARR CBX 200 CR PR-103HC|||PC|00|87141900|||||
|0200|0000502464|PROTETOR DUAS BARR (SPORT) TIT 150 09 PT|||PC|00|87141900|||||
|0220|UN|1,000|
|0200|0000502466|PROTETOR DUAS BARR TIT 150/FAN09 PT|||PC|00|87141900|||||
|0200|0000502467|PROTETOR DUAS BARR CBX 200 PT (PR-103HP)|||PC|00|87141900|||||
|0200|0000502468|PROTETOR DUAS BARR TIT 150/FAN09 CR|||PC|00|87141900|||||
|0200|0000502470|PROTETOR DB SPORT TIT 150 09 CR|||PC|00|87141000|||||
|0200|0000502555|PROTETOR DUAS BARR XTZ 125 PT|||PC|00|87141900|||||
|0200|0000503045|PROTETOR DISCO FR BROS125/150/ GRAN PT|||PC|00|87141900|||||
|0220|UN|1,000|
|0200|0000504020|PROTETOR ESCAPE TWISTER CR|||PC|00|87141900|||||
|0200|0000515003|RABETA CENTRAL+CAREN.ASSENTO AZUL (CONJ)compativel a TITAN 0|7898443609613||PC|00|87141000|||||
|0220|UN|1,000|
|0200|0000515069|RABETA PINT. S/ ADESIVO compativel a TODAY PRETA (todos anos|7898443609668||PC|00|87141000|||||
|0220|UN|1,000|
|0200|0000515125|RABETA TIT 95/97 VERM|07890005151257||PC|00|87141000|||||
|0220|UN|1,000|
|0200|0000515160|RABETA TIT 98/99 VERM|07890005151608||PC|00|87141000|||||
|0220|UN|1,000|
|0200|0000515195|RABETA TIT 99/00 VERM IPIRANG|07890005151950||PC|00|87141000|||||
|0220|UN|1,000|
|0200|0000515300|RABETA TIT 00 AZUL NOTUR|||PC|00|87141000|||||
|0220|UN|1,000|
|0200|0000515305|RABETA TIT 00/01E04 VM IPIRAN|||PC|00|87141000|||||
|0220|UN|1,000|
|0200|0000515306|RABETA COMPATIVEL A TODAY 90/94 SEM PINTURA TODOS ANOS|7898443609644||PC|00|87141000|||||
|0220|UN|1,000|
|0200|0000515310|RABETA TIT 00/01 VERDE MARAJO|07890005153107||PC|00|87141000|||||
|0220|UN|1,000|
|0200|0000515315|RABETA TIT 01 AZ ICARAI|||PC|00|87141000|||||
|0220|UN|1,000|
|0200|0000515325|RABETA TIT 02 VM SAPUC|||PC|00|87141000|||||
|0220|UN|1,000|
|0200|0000515345|RABETA TIT 03 ES AZUL ITAJAI|||UN|00|87141000|||||
|0200|0000515385|RABETA FAN 125 PRETO INJ|||PC|00|87141900|||||
|0220|UN|1,000|
|0200|0000515403|PC RABETA TOD 93 VM 2004259|||UN|00|87141000|||||
|0200|0000518104|RAIO D YBR 125 CROM RD 2101|||PC|00|87141900|||||
|0200|0000518106|RAIO DIANT XTZ 125 CROM RD 2104|||PC|00|87141900|||||
|0200|0000518111|RAIO T YBR 125/XTZ125 RT 2202|||PC|00|87419000|||||
|0200|0000518200|RAIO TIT 99 D CROM|||PC|00|87141900|||||
|0200|0000518220|RAIO DIANT. NXR 125/NXR 150 BROS KS-ES-ESD|7898440474320||PC|00|87141000|||||
|0200|0000518255|RAIO TRASEIRO NXR 125/NXR 150|7898440474450||PC|00|87141000|||||
|0200|0000518314|RAIO INOX BROSS 150 DSC D|||UN|00|87149200|||||
|0200|0000518318|JG INOX TITAN ES DIANT.198 I/E|9000000000353||UN|00|87142000|||||
|0200|0000518326|RAIO INOX XTZ 125 D|||UN|00|87149200|||||
|0200|0000530020|RELE PISCA 12V (REDON)|07898421164226||PC|00|85364100|||||
|0220|UN|1,000|
|0200|0000530025|RELE PISCA 12V (REDON)|07890005300259||PC|00|85364100|||||
|0220|UN|1,000|
|0200|0000530115|RELE PISCA ELET TIT 92/04 12V 3P|07890005301157||PC|00|85364100|||||
|0220|UN|1,000|
|0200|0000530130|RELE PARTIDA TIT ES/CBX/XR/NX150/200/XLR|||PC|00|85364100|||||
|0220|UN|1,000|
|0200|0000535200|REPARO CARBUR TIT 00/02|||PC|00|87141900|||||
|0220|UN|1,000|
|0200|0000554075|RETENTOR PINHAO TIT 02311BR|||PC|00|87141900|||||
|0200|0000554082|RETENTOR EMBREAG TIT|||PC|00|40169300|||||
|0220|UN|1,000|
|0200|0000555385|RETENTOR BENG SHINERAY 50CC (PAR)|||PC|00|87141900|||||
|0200|0000562540|ROLAM DIR CONICO XTZ 125|||PC|00|87141900|||||
|0220|UN|1,000|
|0200|0000565015|ROLDANA ACEL TIT|||PC|00|87141900|||||
|0220|UN|1,000|
|0200|0000567765|SACA VOLANTE CG/ML 0136|||PC|00|87141900|||||
|0200|0000567770|EXTRATOR PINO CORR CB/XL 0172|||PC|00|87141000|||||
|0200|0000567771|EXTRATOR PINO CORRENTE COMPATIVEL CG|||UN|00|82055900|||||
|0220|PC|1,000|
|0200|0000574030|SANFONA 24D NX200/XR200 PT SS003-001|||PC|00|87141000|||||
|0220|UN|1,000|
|0200|0000574040|SANFONA 24D NX200/XR200 VM|||PC|00|87141900|||||
|0200|0000574125|SANFONA 32D FAL/XT600/650/TENE PT|||PC|00|87141000|||||
|0220|UN|1,000|
|0200|0000574140|SANFONA 13D TIT 150 09/ PT|||PC|00|87141900|||||
|0220|UN|1,000|
|0200|0000574145|SANFONA 21D BROSS 150 09/10 PT|||PC|00|87141000|||||
|0220|UN|1,000|
|0200|0000574160|SANFONA 13D TIT 150 09/ VM|||PC|00|87141900|||||
|0220|UN|1,000|
|0200|0000574170|SANFONA BENGALA 21 DENTES VM|7895809015552||PC|00|87141000|||||
|0220|UN|1,000|
|0200|0000574175|SANFONA 21D BROSS 150 09/10 AM|||PC|00|87141000|||||
|0220|UN|1,000|
|0200|0000575090|SANFONA 11D TIT 00/TWIS/CBX200 PRETO|07895809000312||PC|00|87141000|||||
|0220|UN|1,000|
|0200|0000575095|SANFONA BENGALA 11 DENTES AZ|7895809000299||PC|00|87141000|||||
|0220|UN|1,000|
|0200|0000575096|SANFONA BENGALA 11 DENTES AM|7895809000282||PC|00|87141000|||||
|0220|UN|1,000|
|0200|0000575100|SANFONA BENGALA 11 DENTES VM|7895809000329||PC|00|87141000|||||
|0220|UN|1,000|
|0200|0000575110|SANFONA 18D XLR 125/NXRBROS PRETO|07890005751105||PC|00|40169990|||||
|0220|UN|1,000|
|0200|0000575115|SANFONA BENGALA 18 DENTES VM|7895809005300||PC|00|87141000|||||
|0220|UN|1,000|
|0200|0000575125|SANFONA 18D XLR 125/NXRBROS AZ ESC|||PC|00|87141000|||||
|0200|0000585000|SUPORTE FAROL TIT 00 PRETO (ARANHA)|||PC|00|85129000|||||
|0220|UN|1,000|
|0200|0000585070|SUPORTE FAROL FAN150 09/11 PT (ARANHA)|||PC|00|87141900|||||
|0220|UN|1,000|
|0200|0000585085|SUPORTE FAROL TIT 150 PRETO (ARANHA)|||PC|00|87141900|||||
|0220|UN|1,000|
|0200|0000585751|SUPORTE ESCAPE TIT 99 PT|||PC|00|87141000|||||
|0220|UN|1,000|
|0200|0000585860|MEIA LUA CAVAL SUPORTE TIT 99|||PC|00|87141000|||||
|0220|UN|1,000|
|0200|0000585990|SUPORTE PARALAMA T TIT 99 PT|||PC|00|87141900|||||
|0220|UN|1,000|
|0200|0000586010|SUPORTE PEDALEI T FALCON PT|||PC|00|87141900|||||
|0200|0000586045|SUPORTE FAROL TIT 150 PRETO (ARANHA)|||PC|00|87141000|||||
|0220|UN|1,000|
|0200|0000586050|SUPORTE ESCAPE TIT 00 PT|||PC|00|87141000|||||
|0220|UN|1,000|
|0200|0000586135|MESA ESCOVA TIT 150 09/FAN|07890005861354||PC|00|85119000|||||
|0220|UN|1,000|
|0200|0000590070|TPA COMB C CHS CG 125 TODAY TURUNA ML (TODAS)|7898905500427||PC|00|87141000|||||
|0200|0000595005|TAMPA LAT TIT 99/00 AZ|||PC|00|87141000|||||
|0220|UN|1,000|
|0200|0000595019|TAMPA LAT TIT 150 06/08 VM|||PC|00|87141000|||||
|0220|UN|1,000|
|0200|0000595135|TAMPA LAT CG 87/89 /TOD 93/94 VERM|07890005951352||PC|00|87141000|||||
|0220|UN|1,000|
|0200|0000595145|TAMPA LAT CG 88 PRETO|07890005951451||UN|00|87141000|||||
|0200|0000595260|TAMPA LATERAL DIREITA COMPATIVEL A TITAN 95/99 S/ PINTURA NA|7898443611623||PC|00|87141000|||||
|0220|UN|1,000|
|0200|0000595265|TAMPA LATERAL ESQUERDA COMPATIVEL TITAN 95/99 S/ PINTURA NAO|7898443611630||PC|00|87141000|||||
|0220|UN|1,000|
|0200|0000595335|TAMPA LAT TIT 95 GRAF|||PC|00|87141000|||||
|0220|UN|1,000|
|0200|0000595340|TAMPA LAT TIT 95/97 VERM|07890005953400||PC|00|87141000|||||
|0220|UN|1,000|
|0200|0000595415|TAMPA LATERAL S/ ADESIVO compativel a TITAN 97/98 VERDE (nao|7898443611746||PC|00|87141000|||||
|0220|UN|1,000|
|0200|0000595816|TAMPA LATERAL S/ ADESIVO compativel a TITAN 99/00 VERDE META|7898443611821||PC|00|87141000|||||
|0220|UN|1,000|
|0200|0000595870|TAMPA LAT TIT 00 KS CZ TORN MET 2359013|||PC|00|87141000|||||
|0220|UN|1,000|
|0200|0000595965|TAMPA LATERAL ESQUERDA COMPATIVEL A TITAN KS/ES 2000/2004 S/|7898443611913||PC|00|87141000|||||
|0220|UN|1,000|
|0200|0000596000|TAMPA LAT INFERIOR TIT 00 (CX FERRAMENT)|||PC|00|87141000|||||
|0200|0000596030|TAMPA LAT FAN 05/08 PT S/FX|||PC|00|87141900|||||
|0200|0000596055|TAMPA LATERAL COMPATIVEL A TITAN KS/ES 2001 AZUL (NAO ORIGIN|7898443618943||PC|00|87141000|||||
|0220|UN|1,000|
|0200|0000596070|TAMPA LAT TIT 00 KS VM IPIR 2359010|||PC|00|87141900|||||
|0200|0000596195|TAMPA LAT TIT 150 04/08 PT|||PC|00|87141000|||||
|0220|UN|1,000|
|0200|0000596255|TAMPA LAT TIT 150 KS 06 PR FORCE MET|||PC|00|87141900|||||
|0200|0000600035|BUJAO OLEO C100 BIZ C/ANEL|||PC|00|84099190|||||
|0200|0000615015|TRAVA PINHAO WEB 0635|||PC|00|87141900|||||
|0200|0000615025|TRV GUIDOM 125 FAN/CARGO KS/ES (05 ATÉ 13) - POP 100 (07 ATÉ|7898905500168||PC|00|87141000|||||
|0200|0000620015|TUBO INT TIT 99/00 CERIANE|||PC|00|87141000|||||
|0220|UN|1,000|
|0200|0000624005|VALVULA IN ( STD ) HONDA 125CC CG, ML|7890537115048||PC|00|84099114|||||
|0200|0000624010|VALV ESC CG/ML/TOD|||PC|00|84099114|||||
|0200|0000624015|VALV ADM TIT 99/XLR125|||PC|00|84099114|||||
|0220|UN|1,000|
|0200|0000624020|VALV ESC TIT 99/XLR125|||PC|00|84099114|||||
|0200|0000624100|VALVULA EX (STD) YAMAHA YBR / XTZ 125CC|7890537126464||PC|00|84099114|||||
|0200|0000624110|VALVULA ESC C100 BIZ|||PC|00|84099114|||||
|0200|0000625000|VARETA VALV TIT|||PC|00|84099190|||||
|0220|UN|1,000|
|0200|0000625705|VARETA FREIO TIT 99/00|07890006257057||PC|00|84099114|||||
|0220|UN|1,000|
|0200|0000625795|VARETA FREIO XTZ|||PC|00|87141900|||||
|0200|0000626120|VELA DE IGNICAO|7897707505548||PC|00|85111000|||||
|0220|UN|1,000|
|0200|0000626185|VELA C6HSA C100 BIZ|||PC|00|85111000|||||
|0220|UN|1,000|
|0200|0000630110|LENTE FAROL COMPATIVEL MODELO TITAN 2000 REC|7898442100234||PC|00|87141000|||||
|0220|UN|1,000|
|0200|0000635170|VISEIRA TORK LIB ABERT CRISTAL ORI|||PC|00|87141900|||||
|0200|0000635175|VISEIRA CAPAC TORK LIB FECH CRIS 1,0 (VI|||PC|00|87141900|||||
|0200|0000635205|KIT REPARO CAPAC TORK (ORELHA LAT)|||PC|00|65070000|||||
|0220|KT|1,000|
|0200|0000635265|VISEIRA CAPAC TORK LIB FECH CRISTAL 1,5|||PC|00|39269090|||||
|0200|0000635400|VISEIRA CAPAC TORK EVOLUTION CRISTAL|||PC|00|87141900|||||
|0200|0000990001|TRAVESSA P/GUIDAO ALUM PTF|||PC|00|87141900|||||
|0200|0000999055|ARO RODA T 18X1.85 CG/TIT (AR-01CR)|000000000999055||PC|00|87141900|||||
|0200|0000999056|ARO RODA D 18X1.60 CG/ML/TUR (AR-02CR)|000000000999056||PC|00|87141900|||||
|0200|0000999057|ESCAPE TIT 00 KS TORK V3 ALUM (ES-489HP)|||PC|00|87141900|||||
|0200|0000999058|ESCAPE SPORT CB 300R V3 ALUM POLIDO|000000000999058||PC|00|87141900|||||
|0200|0000999059|PROTETOR DUAS BARR TIT 150/FAN09 PT (PR-125HP)|||PC|00|87141900|||||
|0200|0000999060|PROTETOR DUAS BARR (SPORT) BROSS 125/150 CR (PR-13|007890009990609||PC|00|87141000|||||
|0200|0000999061|VISEIRA SAN MARINO CRISTAL 0,8|||PC|00|39269090|||||
|0200|0000999062|VISEIRA CAPAC SAN MARINO ESPELHADA 0,8|||PC|00|39269090|||||
|0200|0000999063|VISEIRA SAN MARINO FUME 0,8|||PC|00|39269090|||||
|0200|0000999064|KIT REPARO SAN MARINO BOT AUTOM|||PC|00|39269090|||||
|0200|0000999065|PALA CAPAC SAN MARINO PT (ARCO)|007890009990654||PC|00|39269090|||||
|0200|0000999066|BOTAO AUTOM P/CAPAC SAN MARINO|000000000999066||PC|00|87141900|||||
|0200|0000999067|FIXACAO VISEIRA P/ CAPAC FLY AUTOM|||PC|00|39269090|||||
|0200|0000999068|PLACA P/ VISEIRA 38X15 CRISTAL 0,8|||PC|00|87141900|||||
|0200|0000999069|VISEIRA FORMULA 1 CRISTAL 0,8|007890009990692||PC|00|39269090|||||
|0200|0000999070|VISEIRA FORMULA 1 FUME 0,8|||PC|00|39269090|||||
|0200|0000999071|VISEIRA CAPAC TORK LIB 4 FECH FUME 1,0|||PC|00|87141900|||||
|0200|0000999072|VISEIRA TORK LIB FECH CRISTAL 0,8|||PC|00|39269090|||||
|0220|UN|1,000|
|0200|0000999073|VISEIRA CAPAC TORK LIB FECH FUME 0,8|||PC|00|39269090|||||
|0200|0000999074|VISEIRA CAPAC LIB CRISTAL 1,0|||PC|00|87141900|||||
|0200|0000999075|VISEIRA CAPAC ZARREF CLASS CRISTAL 1,5|||PC|00|87141900|||||
|0200|0000999077|CAPAC PEELS INFANTIL GIRL PR 56|||PC|00|87141900|||||
|0200|0000999078|CAPAC PEELS INFANTIL REX VM 56|||PC|00|65061000|||||
|0200|0000999079|CAPAC PEELS F-21 NAVY BCO/GRAF 58|007890009990791||PC|00|65061000|||||
|0200|0000999080|CAPAC PEELS F-21 NAVY BCO/GRAF 60|007890009990807||PC|00|65061000|||||
|0200|0000999081|CAPAC PEELS MIRAGE TRACE PR/PT 60|||PC|00|87141900|||||
|0200|0000999082|CAPAC PEELS MIRAGE TRACE VM/PT 58|||PC|00|87141900|||||
|0200|0000999083|CAPAC PEELS MIRAGE TRACE VM/PT 60|||PC|00|87141900|||||
|0200|0000999084|CAPAC PEELS MIRAGE TRACE AZ/GRAF 61|||PC|00|87141900|||||
|0200|0000999085|CAPAC PEELS MIRAGE TRACE RS/GRAF 58|||PC|00|87141900|||||
|0200|0000999086|CAPAC PEELS MIRAGE TRACE RS/GRAF 60|||PC|00|87141900|||||
|0200|0000999087|CAPAC PEELS MIRAGE TRACE PTF/GRAF 60|||PC|00|87141900|||||
|0200|0000999089|CAPAC PEELS F-21 NAVY PT FSC/GRAF 61|000000000999089||PC|00|87141900|||||
|0200|0000999092|GUIDAO ALUM BX LJA NEON|||PC|00|88171900|||||
|0200|0000999093|GUIDAO ALUM BX AMAR NEON|||PC|00|87141900|||||
|0200|0000999094|GUIDAO ALUM BX PTF|||PC|00|87141900|||||
|0200|0000999095|GUIDAO ALUM ALTO PRETO FOSCO|007890009990951||PC|00|87141000|||||
|0200|0000999099|GUIDAO ALUM ALTO LJ NEON|||PC|00|87141900|||||
|0200|0000999100|GUIDAO ALUM ALTO AMAR NEON|||PC|00|88171900|||||
|0200|0000999104|GUIDAO ALUM C/TRV/ESP PT FOSCO|||PC|00|88171900|||||
|0200|0000999106|TRAVESSA P/GUIDAO ALUM PT BRILHO|||PC|00|87141900|||||
|0200|0000999107|GUIDAO ALUM DRIFIT PTF|||PC|00|87141000|||||
|0200|0000999108|GUIDAO ALUM DRIFIT DOURADO|||PC|00|87141900|||||
|0200|0000999109|GUIDAO ALUM DRIFIT BRILHO|||PC|00|87141900|||||
|0200|0000999110|GUIDAO ALUM M-BOY PTF|||PC|00|87141900|||||
|0200|0000999111|GUIDAO ALUM M-BOY DOURADO|||PC|00|87141900|||||
|0200|0000999112|GUIDAO ALUM M-BOY PT BRILHO|||PC|00|87141900|||||
|0200|0000999113|GUIDAO ALUM M-BOY BRILHO *PROMOCAO*|||PC|00|88171900|||||
|0200|0000999114|GUIDAO ALUM M-BOY LJA NEON *PROMOCAO*|||PC|00|88171900|||||
|0200|0000999115|GUIDAO ALUM M-BOY AMAR NEON|||PC|00|87141900|||||
|0200|0000999116|VISEIRA CAPAC TORK EVOLUTION 2MM FUME|||PC|00|87141900|||||
|0200|0000999117|GUARNICAO ESCAPE BROSS 150 09/12 PROMOCA|000000000999117||PC|00|88171900|||||
|0200|0000999118|PNEU LEV D 80/100-18 TIT (MATRIX) 15352 (2.75-18)|||PC|00|40114000|||||
|0200|0000999119|GUIDAO ALUM DRIFT ALTO BRANCO|007890009991194||PC|00|87141000|||||
|0200|0000999124|ESPELHO UNIV GVS MINI REDON LENT CONV H.CRO 6603|||PC|00|87141900|||||
|0200|0000999125|ROLAMENTO DIR CONICO YBR 125 (PAR)|007890009991255||PC|00|84822010|||||
|0200|0000999126|ROLAMENTO DIR CONICO C100 BIZ/DREAM (PAR|007890009991262||PC|00|84822010|||||
|0200|0000999127|ROLAMENTO DIR CONICO XTZ 125 (PAR)|007890009991279||PC|00|84822010|||||
|0200|0000999128|ROLAM DIR CONICO TIT 99 62100-H20-GZ|||PC|00|87141900|||||
|0200|0000999129|ROLAM DIR CONICO TWISTER (PAR)|||PC|00|84822010|||||
|0220|PAR|1,000|
|0200|0000999130|ROLAM DIR CONICO TIT 99 62100-H20-GZ|||PC|00|87141900|||||
|0200|0000999131|ROLAM DIR CONICO TIT 99 62100-H20-GZ|||PC|00|87141900|||||
|0200|0000999132|ROLAM DIR CONICO TIT 99 62100-H20-GZ|||PC|00|87141900|||||
|0200|0000999133|CADEADO ANTI-FURTO P/CAPAC CABO ACO 1,2M|||PC|00|83014000|||||
|0200|0000999134|CADEADO ANTI-FURTO ARTICUL TETRA-CHV 1,2|||PC|00|83014000|||||
|0200|0000999135|CADEADO ARTIC 12X1200MM 38210-H20-00|000000000999135||PC|00|87141900|||||
|0200|0000999136|CADEADO ANTI-FURTO CABO DE ACO 1,2MM|||PC|00|83014000|||||
|0200|0000999137|CADEADO ANTI-FURTO ARTICUL VM 1,2M|000000000999137||PC|00|87141900|||||
|0200|0000999138|CADEADO ARTIC 12X1200MM 38210-H20-00|||PC|00|87141900|||||
|0200|0000999139|CADEADO ANTI-FURTO P/CAPAC CABO ACO 1M|||PC|00|83014000|||||
|0200|0000999140|PNEU LEV 120/80-18 DUNA EVO|000000000999140||PC|00|87141900|||||
|0200|0000999156|RETENTOR BENG SHINERAY 50CC|||PC|00|87141900|||||
|0200|0000999207|PRODUTO DIVERSOS|||PC|00|87141900|||||
|0200|0000999208|PARAF ESTRIBO 8X20 ACO SEXT C/FLAG|||PC|00|87141900|||||
|0200|0000999210|CAPAC PEELS MIRAGE NEW TRACE PT61|||PC|00|87141900|||||
|0200|0000999212|CAPAC PEELS F-21 NAVY PT FSC/GRAF 60|||PC|00|65061000|||||
|0200|0000999213|CAPAC PEELS MIRAGE NEW TRACE VM58|||PC|00|87141900|||||
|0200|0000999214|CAPAC PEELS MIRAGE NEW TRACE RS58|||PC|00|87141900|||||
|0200|0000999215|CAPAC PEELS MIRAGE NEW TRACE RS60|||PC|00|87141900|||||
|0990|1587|
|C001|0|
|C100|1|0||55|02|1|000022649|23111007324443000187550010000226491000226494|||||||||||||||||||||
|C100|1|0|200544|55|00|1|000022650|23111007324443000187550010000226501000226509|03102011|03102011|162,73|0|||162,73|1||||0|0||||1,06|4,88|||
|C190|060|5403||162,73|0|0|0|0|0|0||
|C100|1|0|10514|55|00|1|000022651|23111007324443000187550010000226511000226514|03102011|03102011|960,80|0|||960,80|1||||0|0||||6,25|28,82|||
|C190|060|5403||960,80|0|0|0|0|0|0||
|C100|1|0|200355|55|00|1|000022652|23111007324443000187550010000226521000226520|03102011|03102011|223,60|0|||223,60|1||||0|0||||1,45|6,71|||
|C190|060|5403||223,60|0|0|0|0|0|0||
|C100|1|0|4907|55|00|1|000022654|23111007324443000187550010000226541000226540|04102011|04102011|487,66|0|||487,66|1||||0|0||||3,17|14,63|||
|C190|060|5403||487,66|0|0|0|0|0|0||
|C100|1|0|200358|55|00|1|000022655|23111007324443000187550010000226551000226556|04102011|04102011|233,66|0|||233,66|1||||0|0||||1,52|7,01|||
|C190|060|5403||233,66|0|0|0|0|0|0||
|C100|1|0|3770|55|00|1|000022656|23111007324443000187550010000226561000226561|04102011|04102011|3771,22|0|||3771,22|1||||0|0||||24,51|113,14|||
|C190|060|5403||3771,22|0|0|0|0|0|0||
|C100|1|0|18004|55|00|1|000022657|23111007324443000187550010000226571000226577|04102011|04102011|280,29|0|||280,29|1||||0|0||||1,82|8,41|||
|C190|060|5403||280,29|0|0|0|0|0|0||
|C100|1|0|16922|55|00|1|000022658|23111007324443000187550010000226581000226582|04102011|04102011|242,31|0|||242,31|1||||0|0||||1,58|7,27|||
|C190|060|5403||242,31|0|0|0|0|0|0||
|C100|1|0|11062|55|00|1|000022659|23111007324443000187550010000226591000226598|04102011|04102011|1334,26|0|||1334,26|1||||0|0||||8,67|40,03|||
|C190|060|5403||1334,26|0|0|0|0|0|0||
|C100|1|0|4946|55|00|1|000022660|23111007324443000187550010000226601000226602|04102011|04102011|1045,86|1|||1045,86|1||||0|0||||6,80|31,38|||
|C190|060|5403||1045,86|0|0|0|0|0|0||
|C100|1|0|13880|55|00|1|000022662|23111007324443000187550010000226621000226623|04102011|04102011|230,90|1|||230,90|1||||0|0||||1,50|6,93|||
|C190|060|5403||230,90|0|0|0|0|0|0||
|C100|1|0|3808|55|00|1|000022663|23111007324443000187550010000226631000226639|04102011|04102011|1308,66|1|||1308,66|1||||0|0||||8,51|39,26|||
|C190|060|5403||1308,66|0|0|0|0|0|0||
|C100|1|0|18146|55|00|1|000022664|23111007324443000187550010000226641000226644|04102011|04102011|357,42|1|||357,42|1||||0|0||||2,32|10,72|||
|C190|060|5403||357,42|0|0|0|0|0|0||
|C100|1|0|10195|55|00|1|000022665|23111007324443000187550010000226651000226650|04102011|04102011|452,04|1|||452,04|1||||0|0||||2,94|13,56|||
|C190|060|5403||452,04|0|0|0|0|0|0||
|C100|1|0|200534|55|00|1|000022667|23111007324443000187550010000226671000226670|04102011|04102011|1342,90|1|||1342,90|1||||0|0||||8,73|40,29|||
|C190|060|5403||1342,90|0|0|0|0|0|0||
|C100|1|0|4462|55|00|1|000022668|23111007324443000187550010000226681000226686|03102011|03102011|826,46|1|||826,46|1||||0|0||||5,37|24,79|||
|C190|060|5403||826,46|0|0|0|0|0|0||
|C100|1|0|4212|55|00|1|000022669|23111007324443000187550010000226691000226691|03102011|03102011|2636,44|1|||2636,44|1||||0|0||||17,14|79,09|||
|C190|060|5403||2636,44|0|0|0|0|0|0||
|C100|1|0|4212|55|00|1|000022670|23111007324443000187550010000226701000226706|04102011|04102011|162,17|1|||162,17|1||||0|0||||1,05|4,87|||
|C190|060|5403||162,17|0|0|0|0|0|0||
|C100|1|0|5053|55|00|1|000022671|23111007324443000187550010000226711000226711|04102011|04102011|196,54|1|||196,54|1||||0|0||||1,28|5,90|||
|C190|060|5403||196,54|0|0|0|0|0|0||
|C100|1|0|11678|55|00|1|000022672|23111007324443000187550010000226721000226727|04102011|04102011|160,43|0|||160,43|1||||0|0||||1,04|4,81|||
|C190|060|5403||160,43|0|0|0|0|0|0||
|C100|1|0|13880|55|00|1|000022673|23111007324443000187550010000226731000226732|04102011|04102011|383,85|0|||383,85|1||||0|0||||2,50|11,52|||
|C190|060|5403||383,85|0|0|0|0|0|0||
|C100|1|0|4688|55|00|1|000022674|23111007324443000187550010000226741000226748|04102011|04102011|790,72|0|||790,72|1||||0|0||||5,14|23,72|||
|C190|060|5403||790,72|0|0|0|0|0|0||
|C100|1|0|5005|55|00|1|000022675|23111007324443000187550010000226751000226753|04102011|04102011|83,90|1|||83,90|1||||0|0||||0,55|2,52|||
|C190|060|5403||83,90|0|0|0|0|0|0||
|C100|1|0|12603|55|00|1|000022676|23111007324443000187550010000226761000226769|04102011|04102011|576,71|1|||576,71|1||||0|0||||3,75|17,30|||
|C190|060|5403||576,71|0|0|0|0|0|0||
|C100|1|0|3700|55|00|1|000022677|23111007324443000187550010000226771000226774|04102011|04102011|388,64|1|||388,64|1||||0|0||||2,53|11,66|||
|C190|060|5403||388,64|0|0|0|0|0|0||
|C100|1|0|11211|55|00|1|000022678|23111007324443000187550010000226781000226780|04102011|04102011|726,93|1|||726,93|1||||0|0||||4,73|21,81|||
|C190|060|5403||726,93|0|0|0|0|0|0||
|C100|1|0|13883|55|00|1|000022679|23111007324443000187550010000226791000226795|04102011|04102011|715,25|0|||715,25|1||||0|0||||4,65|21,46|||
|C190|060|5403||715,25|0|0|0|0|0|0||
|C100|1|0|3698|55|00|1|000022680|23111007324443000187550010000226801000226800|04102011|04102011|1511,91|0|||1511,91|1||||0|0||||9,83|45,36|||
|C190|060|5403||1511,91|0|0|0|0|0|0||
|C100|1|0|13063|55|00|1|000022681|23111007324443000187550010000226811000226815|04102011|04102011|480,80|0|||460,80|1|20,00|||0|0||||3,13|14,42|||
|C190|060|5403||480,80|0|0|0|0|0|0||
|C100|1|0|800010352|55|00|1|000022682|23111007324443000187550010000226821000226820|04102011|04102011|947,53|0|||947,53|1||||0|0||||6,16|28,43|||
|C190|060|5403||947,53|0|0|0|0|0|0||
|C100|1|0||55|02|1|000022684|23111007324443000187550010000226841000226841|||||||||||||||||||||
|C100|1|0|17881|55|00|1|000022685|23111007324443000187550010000226851000226857|04102011|04102011|335,68|0|||315,68|1|20,00|||0|0||||2,18|10,07|||
|C190|060|5403||335,68|0|0|0|0|0|0||
|C100|1|0|10217|55|00|1|000022686|23111007324443000187550010000226861000226862|04102011|04102011|3487,07|1|||3487,07|1||||0|0||||22,67|104,61|||
|C190|060|5403||3487,07|0|0|0|0|0|0||
|C100|1|0|200194|55|00|1|000022687|23111007324443000187550010000226871000226878|04102011|04102011|1963,94|1|||1963,94|1||||0|0||||12,77|58,92|||
|C190|060|5403||1963,94|0|0|0|0|0|0||
|C100|1|0|4376|55|00|1|000022688|23111007324443000187550010000226881000226883|04102011|04102011|2293,94|0|||2293,94|1||||0|0||||14,91|68,82|||
|C190|060|5403||2293,94|0|0|0|0|0|0||
|C100|1|0|4376|55|00|1|000022689|23111007324443000187550010000226891000226899|04102011|04102011|1357,71|0|||1357,71|1||||0|0||||8,83|40,73|||
|C190|060|5403||1357,71|0|0|0|0|0|0||
|C100|1|0|4376|55|00|1|000022690|23111007324443000187550010000226901000226903|04102011|04102011|848,56|0|||848,56|1||||0|0||||5,52|25,46|||
|C190|060|5403||848,56|0|0|0|0|0|0||
|C100|1|0|3773|55|00|1|000022691|23111007324443000187550010000226911000226919|05102011|05102011|599,37|0|||599,37|1||||0|0||||3,90|17,98|||
|C190|060|5403||599,37|0|0|0|0|0|0||
|C100|1|0|200538|55|00|1|000022692|23111007324443000187550010000226921000226924|05102011|05102011|161,18|0|||161,18|1||||0|0||||1,05|4,84|||
|C190|060|5403||161,18|0|0|0|0|0|0||
|C100|1|0|200178|55|00|1|000022693|23111007324443000187550010000226931000226930|05102011|05102011|170,42|0|||170,42|1||||0|0||||1,11|5,11|||
|C190|060|5403||170,42|0|0|0|0|0|0||
|C100|1|0|3741|55|00|1|000022694|23111007324443000187550010000226941000226945|05102011|05102011|422,51|0|||422,51|1||||0|0||||2,75|12,68|||
|C190|060|5403||422,51|0|0|0|0|0|0||
|C100|1|0|17989|55|00|1|000022695|23111007324443000187550010000226951000226950|05102011|05102011|438,04|1|||438,04|1||||0|0||||2,85|13,14|||
|C190|060|5403||438,04|0|0|0|0|0|0||
|C100|1|0|10200047|55|00|1|000022696|23111007324443000187550010000226961000226966|05102011|05102011|1494,53|0|||1494,53|1||||0|0||||9,71|44,84|||
|C190|060|5403||1494,53|0|0|0|0|0|0||
|C100|1|0|10200047|55|00|1|000022697|23111007324443000187550010000226971000226971|05102011|05102011|139,60|0|||139,60|1||||0|0||||0,91|4,19|||
|C190|060|5403||139,60|0|0|0|0|0|0||
|C100|1|0|4155|55|00|1|000022698|23111007324443000187550010000226981000226987|05102011|05102011|510,14|1|||510,14|1||||0|0||||3,32|15,30|||
|C190|060|5403||510,14|0|0|0|0|0|0||
|C100|1|0|4956|55|00|1|000022699|23111007324443000187550010000226991000226992|05102011|05102011|254,83|0|||254,83|1||||0|0||||1,66|7,64|||
|C190|060|5403||254,83|0|0|0|0|0|0||
|C100|1|0|200185|55|00|1|000022700|23111007324443000187550010000227001000227002|05102011|05102011|199,61|0|||199,61|1||||0|0||||1,30|5,99|||
|C190|060|5403||199,61|0|0|0|0|0|0||
|C100|1|0|4305|55|00|1|000022701|23111007324443000187550010000227011000227018|05102011|05102011|1162,31|1|||1162,31|1||||0|0||||7,56|34,87|||
|C190|060|5403||1162,31|0|0|0|0|0|0||
|C100|1|0|16925|55|00|1|000022702|23111007324443000187550010000227021000227023|05102011|05102011|568,50|1|||568,50|1||||0|0||||3,70|17,06|||
|C190|060|5403||568,50|0|0|0|0|0|0||
|C100|1|0|4812|55|00|1|000022703|23111007324443000187550010000227031000227039|05102011|05102011|1628,84|1|||1628,84|1||||0|0||||10,59|48,87|||
|C190|060|5403||1628,84|0|0|0|0|0|0||
|C100|1|0|18131|55|00|1|000022704|23111007324443000187550010000227041000227044|05102011|05102011|237,60|1|||237,60|1||||0|0||||1,54|7,13|||
|C190|060|5403||237,60|0|0|0|0|0|0||
|C100|1|0|200219|55|00|1|000022705|23111007324443000187550010000227051000227050|05102011|05102011|1728,84|0|||1728,84|1||||0|0||||11,24|51,87|||
|C190|060|5403||1728,84|0|0|0|0|0|0||
|C100|1|0|18269|55|00|1|000022706|23111007324443000187550010000227061000227065|05102011|05102011|170,79|1|||170,79|1||||0|0||||1,11|5,12|||
|C190|060|5403||170,79|0|0|0|0|0|0||
|C100|1|0|4332|55|00|1|000022707|23111007324443000187550010000227071000227070|04102011|04102011|1344,51|1|||1344,51|1||||0|0||||8,74|40,34|||
|C190|060|5403||1344,51|0|0|0|0|0|0||
|C100|1|0|4201|55|00|1|000022708|23111007324443000187550010000227081000227086|04102011|04102011|546,10|1|||546,10|1||||0|0||||3,55|16,38|||
|C190|060|5403||546,10|0|0|0|0|0|0||
|C100|1|0|12747|55|00|1|000022709|23111007324443000187550010000227091000227091|05102011|05102011|454,58|0|||454,58|1||||0|0||||2,95|13,64|||
|C190|060|5403||454,58|0|0|0|0|0|0||
|C100|1|0|12605|55|00|1|000022710|23111007324443000187550010000227101000227106|05102011|05102011|481,62|0|||481,62|1||||0|0||||3,13|14,45|||
|C190|060|5403||481,62|0|0|0|0|0|0||
|C100|1|0|4481|55|00|1|000022711|23111007324443000187550010000227111000227111|05102011|05102011|1668,62|1|||1668,62|1||||0|0||||10,85|50,06|||
|C190|060|5403||1668,62|0|0|0|0|0|0||
|C100|1|0|13061|55|00|1|000022712|23111007324443000187550010000227121000227127|05102011|05102011|637,66|1|||637,66|1||||0|0||||4,14|19,13|||
|C190|060|5403||637,66|0|0|0|0|0|0||
|C100|1|0|13247|55|00|1|000022713|23111007324443000187550010000227131000227132|05102011|05102011|1367,51|0|||1367,51|1||||0|0||||8,89|41,03|||
|C190|060|5403||1367,51|0|0|0|0|0|0||
|C100|1|0|4731|55|00|1|000022714|23111007324443000187550010000227141000227148|05102011|05102011|1411,71|1|||1411,71|1||||0|0||||9,18|42,35|||
|C190|060|5403||1411,71|0|0|0|0|0|0||
|C100|1|0|3727|55|00|1|000022715|23111007324443000187550010000227151000227153|05102011|05102011|2157,55|1|||2157,55|1||||0|0||||14,02|64,73|||
|C190|060|5403||2157,55|0|0|0|0|0|0||
|C100|1|0|1923|55|00|1|000022716|23111007324443000187550010000227161000227169|05102011|05102011|2467,89|0|||2467,89|1||||0|0||||16,04|74,04|||
|C190|060|5403||2467,89|0|0|0|0|0|0||
|C100|1|0|13580|55|00|1|000022717|23111007324443000187550010000227171000227174|03102011|03102011|343,84|1|||343,84|1||||0|0||||2,24|10,32|||
|C190|060|5403||343,84|0|0|0|0|0|0||
|C100|1|0|13250|55|00|1|000022718|23111007324443000187550010000227181000227180|05102011|05102011|586,76|0|||586,76|1||||0|0||||3,81|17,60|||
|C190|060|5403||586,76|0|0|0|0|0|0||
|C100|1|0|18131|55|00|1|000022719|23111007324443000187550010000227191000227195|05102011|05102011|404,67|1|||404,67|1||||0|0||||2,63|12,14|||
|C190|060|5403||404,67|0|0|0|0|0|0||
|C100|1|0|2051|55|00|1|000022720|23111007324443000187550010000227201000227200|05102011|05102011|2259,73|0|||2259,73|1||||0|0||||14,69|67,79|||
|C190|060|5403||2259,73|0|0|0|0|0|0||
|C100|1|0|4291|55|00|1|000022721|23111007324443000187550010000227211000227215|05102011|05102011|2308,77|1|||2308,77|1||||0|0||||15,01|69,26|||
|C190|060|5403||2308,77|0|0|0|0|0|0||
|C100|1|0|4288|55|00|1|000022722|23111007324443000187550010000227221000227220|05102011|05102011|1271,05|0|||1271,05|1||||0|0||||8,26|38,13|||
|C190|060|5403||1271,05|0|0|0|0|0|0||
|C100|1|0|3080|55|00|1|000022723|23111007324443000187550010000227231000227236|05102011|05102011|838,79|0|||838,79|1||||0|0||||5,45|25,16|||
|C190|060|5403||838,79|0|0|0|0|0|0||
|C100|1|0|3405|55|00|1|000022724|23111007324443000187550010000227241000227241|05102011|05102011|2182,77|1|||2182,77|1||||0|0||||14,19|65,48|||
|C190|060|5403||2182,77|0|0|0|0|0|0||
|C100|1|0|18181|55|00|1|000022725|23111007324443000187550010000227251000227257|05102011|05102011|2049,81|0|||2049,81|1||||0|0||||13,32|61,49|||
|C190|060|5403||2049,81|0|0|0|0|0|0||
|C100|1|0|17866|55|00|1|000022726|23111007324443000187550010000227261000227262|05102011|05102011|994,69|1|||994,69|1||||0|0||||6,47|29,84|||
|C190|060|5403||994,69|0|0|0|0|0|0||
|C100|1|0|4185|55|00|1|000022727|23111007324443000187550010000227271000227278|05102011|05102011|2043,36|1|||2043,36|1||||0|0||||13,28|61,30|||
|C190|060|5403||2043,36|0|0|0|0|0|0||
|C100|1|0|800010386|55|00|1|000022728|23111007324443000187550010000227281000227283|05102011|05102011|4072,00|1|||4072,00|1||||0|0||||26,47|122,16|||
|C190|060|5403||4072,00|0|0|0|0|0|0||
|C100|1|0|3762|55|00|1|000022729|23111007324443000187550010000227291000227299|05102011|05102011|133,76|0|||133,76|1||||0|0||||0,87|4,01|||
|C190|060|5403||133,76|0|0|0|0|0|0||
|C100|1|0|3762|55|00|1|000022730|23111007324443000187550010000227301000227303|05102011|05102011|708,98|0|||708,98|1||||0|0||||4,61|21,27|||
|C190|060|5403||708,98|0|0|0|0|0|0||
|C100|1|0|3752|55|00|1|000022731|23111007324443000187550010000227311000227319|05102011|05102011|358,13|0|||358,13|1||||0|0||||2,33|10,74|||
|C190|060|5403||358,13|0|0|0|0|0|0||
|C100|1|0|3752|55|00|1|000022732|23111007324443000187550010000227321000227324|05102011|05102011|139,60|0|||139,60|1||||0|0||||0,91|4,19|||
|C190|060|5403||139,60|0|0|0|0|0|0||
|C100|1|0|2733|55|00|1|000022733|23111007324443000187550010000227331000227330|05102011|05102011|514,54|1|||484,54|1|30,00|||0|0||||3,34|15,44|||
|C190|060|5403||514,54|0|0|0|0|0|0||
|C100|1|0|9734|55|00|1|000022734|23111007324443000187550010000227341000227345|05102011|05102011|1880,91|1|||1880,91|1||||0|0||||12,23|56,43|||
|C190|060|5403||1880,91|0|0|0|0|0|0||
|C100|1|0|4510|55|00|1|000022735|23111007324443000187550010000227351000227350|06102011|06102011|665,82|1|||665,82|1||||0|0||||4,33|19,97|||
|C190|060|5403||665,82|0|0|0|0|0|0||
|C100|1|0|200191|55|00|1|000022736|23111007324443000187550010000227361000227366|06102011|06102011|400,57|1|||400,57|1||||0|0||||2,60|12,02|||
|C190|060|5403||400,57|0|0|0|0|0|0||
|C100|1|0|18182|55|00|1|000022737|23111007324443000187550010000227371000227371|06102011|06102011|2128,86|1|||2128,86|1||||0|0||||13,84|63,87|||
|C190|060|5403||2128,86|0|0|0|0|0|0||
|C100|1|0||55|02|1|000022738|23111007324443000187550010000227381000227387|||||||||||||||||||||
|C100|1|0|4182|55|00|1|000022739|23111007324443000187550010000227391000227392|06102011|06102011|1996,79|1|||1996,79|1||||0|0||||12,98|59,90|||
|C190|060|5403||1996,79|0|0|0|0|0|0||
|C100|1|0|4890|55|00|1|000022740|23111007324443000187550010000227401000227407|06102011|06102011|485,24|0|||485,24|1||||0|0||||3,15|14,56|||
|C190|060|5403||485,24|0|0|0|0|0|0||
|C100|1|0||55|02|1|000022741|23111007324443000187550010000227411000227412|||||||||||||||||||||
|C100|1|0|200179|55|00|1|000022742|23111007324443000187550010000227421000227428|06102011|06102011|165,52|1|||165,52|1||||0|0||||1,08|4,97|||
|C190|060|5403||165,52|0|0|0|0|0|0||
|C100|1|0||55|02|1|000022743|23111007324443000187550010000227431000227433|||||||||||||||||||||
|C100|1|0|13040|55|00|1|000022744|23111007324443000187550010000227441000227449|06102011|06102011|1026,18|0|||1026,18|1||||0|0||||6,67|30,79|||
|C190|060|6403||1026,18|0|0|0|0|0|0||
|C100|1|0|10195|55|00|1|000022745|23111007324443000187550010000227451000227454|06102011|06102011|450,50|1|||450,50|1||||0|0||||2,93|13,52|||
|C190|060|5403||450,50|0|0|0|0|0|0||
|C100|1|0|13242|55|00|1|000022746|23111007324443000187550010000227461000227460|06102011|06102011|1272,63|0|||1272,63|1||||0|0||||8,27|38,18|||
|C190|060|5403||1272,63|0|0|0|0|0|0||
|C100|1|0||55|02|1|000022747|23111007324443000187550010000227471000227475|||||||||||||||||||||
|C100|1|0|3080|55|00|1|000022748|23111007324443000187550010000227481000227480|06102011|06102011|295,22|0|||295,22|1||||0|0||||1,92|8,86|||
|C190|060|5403||295,22|0|0|0|0|0|0||
|C100|1|0|13261|55|00|1|000022749|23111007324443000187550010000227491000227496|06102011|06102011|398,55|0|||398,55|1||||0|0||||2,59|11,96|||
|C190|060|5403||398,55|0|0|0|0|0|0||
|C100|1|0|11488|55|00|1|000022750|23111007324443000187550010000227501000227500|06102011|06102011|398,55|0|||398,55|1||||0|0||||2,59|11,96|||
|C190|060|5403||398,55|0|0|0|0|0|0||
|C100|1|0|11671|55|00|1|000022751|23111007324443000187550010000227511000227516|06102011|06102011|590,26|0|||590,26|1||||0|0||||3,84|17,71|||
|C190|060|5403||590,26|0|0|0|0|0|0||
|C100|1|0|11209|55|00|1|000022752|23111007324443000187550010000227521000227521|06102011|06102011|424,42|0|||424,42|1||||0|0||||2,76|12,73|||
|C190|060|5403||424,42|0|0|0|0|0|0||
|C100|1|0|11309|55|00|1|000022753|23111007324443000187550010000227531000227537|06102011|06102011|466,40|0|||466,40|1||||0|0||||3,03|13,99|||
|C190|060|5403||466,40|0|0|0|0|0|0||
|C100|1|0|100003897|55|00|1|000022754|23111007324443000187550010000227541000227542|06102011|06102011|272,66|0|||272,66|1||||0|0||||1,77|8,18|||
|C190|060|5403||272,66|0|0|0|0|0|0||
|C100|1|0|4419|55|00|1|000022755|23111007324443000187550010000227551000227558|06102011|06102011|1151,43|1|||1151,43|1||||0|0||||7,48|34,54|||
|C190|060|5403||1151,43|0|0|0|0|0|0||
|C100|1|0|4315|55|00|1|000022756|23111007324443000187550010000227561000227563|06102011|06102011|2170,04|1|||2170,04|1||||0|0||||14,11|65,10|||
|C190|060|5403||2170,04|0|0|0|0|0|0||
|C100|1|0|11994|55|00|1|000022757|23111007324443000187550010000227571000227579|06102011|06102011|594,12|1|||594,12|1||||0|0||||3,86|17,82|||
|C190|060|5403||594,12|0|0|0|0|0|0||
|C100|1|0|800010385|55|00|1|000022758|23111007324443000187550010000227581000227584|06102011|06102011|914,99|1|||914,99|1||||0|0||||5,95|27,45|||
|C190|060|5403||914,99|0|0|0|0|0|0||
|C100|1|0|4808|55|00|1|000022759|23111007324443000187550010000227591000227590|06102011|06102011|1095,98|0|||1095,98|1||||0|0||||7,12|32,88|||
|C190|060|5403||1095,98|0|0|0|0|0|0||
|C100|1|0|17696|55|00|1|000022760|23111007324443000187550010000227601000227604|06102011|06102011|996,18|1|||996,18|1||||0|0||||6,48|29,89|||
|C190|060|5403||996,18|0|0|0|0|0|0||
|C100|1|0|13234|55|00|1|000022761|23111007324443000187550010000227611000227610|06102011|06102011|382,61|1|||382,61|1||||0|0||||2,49|11,48|||
|C190|060|5403||382,61|0|0|0|0|0|0||
|C100|1|0|13234|55|00|1|000022762|23111007324443000187550010000227621000227625|06102011|06102011|1609,25|1|||1609,25|1||||0|0||||10,46|48,28|||
|C190|060|5403||1609,25|0|0|0|0|0|0||
|C100|1|0|12749|55|00|1|000022763|23111007324443000187550010000227631000227630|06102011|06102011|1466,66|0|||1466,66|1||||0|0||||9,53|44,00|||
|C190|060|5403||1466,66|0|0|0|0|0|0||
|C100|1|0|12749|55|00|1|000022764|23111007324443000187550010000227641000227646|06102011|06102011|95,17|0|||95,17|1||||0|0||||0,62|2,86|||
|C190|060|5403||95,17|0|0|0|0|0|0||
|C100|1|0|4337|55|00|1|000022765|23111007324443000187550010000227651000227651|06102011|06102011|1935,28|1|||1935,28|1||||0|0||||12,58|58,06|||
|C190|060|5403||1935,28|0|0|0|0|0|0||
|C100|1|0|12436|55|00|1|000022766|23111007324443000187550010000227661000227667|06102011|06102011|941,00|0|||941,00|1||||0|0||||6,12|28,23|||
|C190|060|5403||941,00|0|0|0|0|0|0||
|C100|1|0|4667|55|00|1|000022767|23111007324443000187550010000227671000227672|06102011|06102011|2539,05|1|||2539,05|1||||0|0||||16,50|76,17|||
|C190|060|5403||2539,05|0|0|0|0|0|0||
|C100|1|0|3698|55|00|1|000022768|23111007324443000187550010000227681000227688|06102011|06102011|426,39|0|||426,39|1||||0|0||||2,77|12,79|||
|C190|060|5403||426,39|0|0|0|0|0|0||
|C100|1|0|3698|55|00|1|000022769|23111007324443000187550010000227691000227693|06102011|06102011|780,64|0|||780,64|1||||0|0||||5,07|23,42|||
|C190|060|5403||780,64|0|0|0|0|0|0||
|C100|1|0|17300|55|00|1|000022770|23111007324443000187550010000227701000227708|06102011|06102011|2198,38|1|||2198,38|1||||0|0||||14,29|65,95|||
|C190|060|5403||2198,38|0|0|0|0|0|0||
|C100|1|0|200186|55|00|1|000022771|23111007324443000187550010000227711000227713|06102011|06102011|539,86|0|||539,86|1||||0|0||||3,51|16,20|||
|C190|060|5403||539,86|0|0|0|0|0|0||
|C100|1|0|11623|55|00|1|000022772|23111007324443000187550010000227721000227729|06102011|06102011|86,86|0|||86,86|1||||0|0||||0,56|2,61|||
|C190|060|5403||86,86|0|0|0|0|0|0||
|C100|1|0|11205|55|00|1|000022773|23111007324443000187550010000227731000227734|06102011|06102011|1596,42|1|||1596,42|1||||0|0||||10,38|47,89|||
|C190|060|5403||1596,42|0|0|0|0|0|0||
|C100|1|0|200184|55|00|1|000022774|23111007324443000187550010000227741000227740|07102011|07102011|221,00|0|||221,00|1||||0|0||||1,44|6,63|||
|C190|060|5403||221,00|0|0|0|0|0|0||
|C100|1|0|4241|55|00|1|000022775|23111007324443000187550010000227751000227755|07102011|07102011|528,20|0|||528,20|1||||0|0||||3,43|15,85|||
|C190|060|5403||528,20|0|0|0|0|0|0||
|C100|1|0|10285|55|00|1|000022776|23111007324443000187550010000227761000227760|07102011|07102011|637,26|0|||637,26|1||||0|0||||4,14|19,12|||
|C190|060|5403||637,26|0|0|0|0|0|0||
|C100|1|0|10400000|55|00|1|000022777|23111007324443000187550010000227771000227776|07102011|07102011|429,66|0|||429,66|1||||0|0||||2,79|12,89|||
|C190|060|5403||429,66|0|0|0|0|0|0||
|C100|1|0|11494|55|00|1|000022778|23111007324443000187550010000227781000227781|07102011|07102011|188,80|0|||188,80|1||||0|0||||1,23|5,66|||
|C190|060|5403||188,80|0|0|0|0|0|0||
|C100|1|0|200360|55|00|1|000022779|23111007324443000187550010000227791000227797|07102011|07102011|570,27|1|||570,27|1||||0|0||||3,71|17,11|||
|C190|060|5403||570,27|0|0|0|0|0|0||
|C100|1|0|4724|55|00|1|000022780|23111007324443000187550010000227801000227801|07102011|07102011|698,06|0|22,88||720,94|1||||0|0||||4,69|21,63|||
|C190|060|5403||698,06|0|0|0|0|0|0||
|C100|1|0|10514|55|00|1|000022781|23111007324443000187550010000227811000227817|07102011|07102011|573,60|0|||573,60|1||||0|0||||3,73|17,21|||
|C190|060|5403||573,60|0|0|0|0|0|0||
|C100|1|0|10514|55|00|1|000022782|23111007324443000187550010000227821000227822|07102011|07102011|63,20|0|||63,20|1||||0|0||||0,41|1,90|||
|C190|060|5403||63,20|0|0|0|0|0|0||
|C100|1|0|4619|55|00|1|000022783|23111007324443000187550010000227831000227838|07102011|07102011|981,47|1|||981,47|1||||0|0||||6,38|29,44|||
|C190|060|5403||981,47|0|0|0|0|0|0||
|C100|1|0|10243|55|00|1|000022784|23111007324443000187550010000227841000227843|07102011|07102011|698,00|1|||698,00|1||||0|0||||4,54|20,94|||
|C190|060|5403||698,00|0|0|0|0|0|0||
|C100|1|0|200219|55|00|1|000022785|23111007324443000187550010000227851000227859|07102011|07102011|682,20|0|||682,20|1||||0|0||||4,43|20,47|||
|C190|060|5403||682,20|0|0|0|0|0|0||
|C100|1|0|200358|55|00|1|000022786|23111007324443000187550010000227861000227864|07102011|07102011|261,60|0|||261,60|1||||0|0||||1,70|7,85|||
|C190|060|5403||261,60|0|0|0|0|0|0||
|C100|1|0|18004|55|00|1|000022787|23111007324443000187550010000227871000227870|07102011|07102011|239,60|0|||239,60|1||||0|0||||1,56|7,19|||
|C190|060|5403||239,60|0|0|0|0|0|0||
|C100|1|0|3724|55|00|1|000022788|23111007324443000187550010000227881000227885|07102011|07102011|590,75|1|||590,75|1||||0|0||||3,84|17,72|||
|C190|060|5403||590,75|0|0|0|0|0|0||
|C100|1|0|3736|55|00|1|000022789|23111007324443000187550010000227891000227890|07102011|07102011|1624,32|1|||1624,32|1||||0|0||||10,56|48,73|||
|C190|060|5403||1624,32|0|0|0|0|0|0||
|C100|1|0|12597|55|00|1|000022790|23111007324443000187550010000227901000227905|07102011|07102011|1296,87|1|||1296,87|1||||0|0||||8,43|38,91|||
|C190|060|5403||1296,87|0|0|0|0|0|0||
|C100|1|0|18138|55|00|1|000022791|23111007324443000187550010000227911000227910|07102011|07102011|5863,97|1|||5863,97|1||||0|0||||38,12|175,92|||
|C190|060|5403||5863,97|0|0|0|0|0|0||
|C100|1|0|11491|55|00|1|000022792|23111007324443000187550010000227921000227926|07102011|07102011|1146,46|1|||1146,46|1||||0|0||||7,45|34,39|||
|C190|060|5403||1146,46|0|0|0|0|0|0||
|C100|1|0|10382|55|00|1|000022793|23111007324443000187550010000227931000227931|07102011|07102011|2038,36|1|||2038,36|1||||0|0||||13,25|61,15|||
|C190|060|5403||2038,36|0|0|0|0|0|0||
|C100|1|0|6511|55|00|1|000022794|23111007324443000187550010000227941000227947|07102011|07102011|828,98|0|||828,98|1||||0|0||||5,39|24,87|||
|C190|060|5403||828,98|0|0|0|0|0|0||
|C100|1|0|13263|55|00|1|000022795|23111007324443000187550010000227951000227952|07102011|07102011|1925,54|0|||1925,54|1||||0|0||||12,52|57,77|||
|C190|060|5403||1925,54|0|0|0|0|0|0||
|C100|1|0|4192|55|00|1|000022796|23111007324443000187550010000227961000227968|07102011|07102011|840,90|0|||840,90|1||||0|0||||5,47|25,23|||
|C190|060|5403||840,90|0|0|0|0|0|0||
|C100|1|0|17871|55|00|1|000022797|23111007324443000187550010000227971000227973|07102011|07102011|72,11|0|||72,11|1||||0|0||||0,47|2,16|||
|C190|060|5403||72,11|0|0|0|0|0|0||
|C100|1|0|4241|55|00|1|000022798|23111007324443000187550010000227981000227989|07102011|07102011|247,74|0|||247,74|1||||0|0||||1,61|7,43|||
|C190|060|5403||247,74|0|0|0|0|0|0||
|C100|1|0|12259|55|00|1|000022799|23111007324443000187550010000227991000227994|07102011|07102011|2603,40|1|||2603,40|1||||0|0||||16,92|78,10|||
|C190|060|5403||2603,40|0|0|0|0|0|0||
|C100|1|0|12749|55|00|1|000022800|23111007324443000187550010000228001000228004|07102011|07102011|3315,94|0|||3315,94|1||||0|0||||21,55|99,48|||
|C190|060|5403||3315,94|0|0|0|0|0|0||
|C100|1|0|3766|55|00|1|000022801|23111007324443000187550010000228011000228010|07102011|07102011|1101,13|1|||1101,13|1||||0|0||||7,16|33,03|||
|C190|060|5403||1101,13|0|0|0|0|0|0||
|C100|1|0|5005|55|00|1|000022802|23111007324443000187550010000228021000228025|07102011|07102011|74,29|1|||74,29|1||||0|0||||0,48|2,23|||
|C190|060|5403||74,29|0|0|0|0|0|0||
|C100|1|0|3770|55|00|1|000022803|23111007324443000187550010000228031000228030|10102011|10102011|3281,34|0|||3281,34|1||||0|0||||21,33|98,44|||
|C190|060|5403||3281,34|0|0|0|0|0|0||
|C100|1|0|11499|55|00|1|000022804|23111007324443000187550010000228041000228046|10102011|10102011|1649,31|0|||1649,31|1||||0|0||||10,72|49,48|||
|C190|060|5403||1649,31|0|0|0|0|0|0||
|C100|1|0||55|02|1|000022805|23111007324443000187550010000228051000228051|||||||||||||||||||||
|C100|1|0|3405|55|00|1|000022806|23111007324443000187550010000228061000228067|10102011|10102011|1824,25|0|||1824,25|1||||0|0||||11,86|54,73|||
|C190|060|5403||1824,25|0|0|0|0|0|0||
|C100|1|0|10941|55|00|1|000022807|23111007324443000187550010000228071000228072|10102011|10102011|954,36|1|||954,36|1||||0|0||||6,20|28,63|||
|C190|060|5403||954,36|0|0|0|0|0|0||
|C100|1|0|3725|55|00|1|000022808|23111007324443000187550010000228081000228088|10102011|10102011|382,61|0|||382,61|1||||0|0||||2,49|11,48|||
|C190|060|5403||382,61|0|0|0|0|0|0||
|C100|1|0|13264|55|00|1|000022809|23111007324443000187550010000228091000228093|10102011|10102011|495,30|1|||495,30|1||||0|0||||3,22|14,86|||
|C190|060|5403||495,30|0|0|0|0|0|0||
|C100|1|0|4741|55|00|1|000022810|23111007324443000187550010000228101000228108|10102011|10102011|2430,59|1|||2430,59|1||||0|0||||15,80|72,92|||
|C190|060|5403||2430,59|0|0|0|0|0|0||
|C100|1|0|4741|55|00|1|000022811|23111007324443000187550010000228111000228113|10102011|10102011|279,20|1|||279,20|1||||0|0||||1,81|8,38|||
|C190|060|5403||279,20|0|0|0|0|0|0||
|C100|1|0|11953|55|00|1|000022812|23111007324443000187550010000228121000228129|10102011|10102011|1373,68|1|||1373,68|1||||0|0||||8,93|41,21|||
|C190|060|5403||1373,68|0|0|0|0|0|0||
|C100|1|0|11953|55|00|1|000022813|23111007324443000187550010000228131000228134|10102011|10102011|288,60|1|||288,60|1||||0|0||||1,88|8,66|||
|C190|060|5403||288,60|0|0|0|0|0|0||
|C100|1|0|18004|55|00|1|000022814|23111007324443000187550010000228141000228140|10102011|10102011|220,77|0|||220,77|1||||0|0||||1,44|6,62|||
|C190|060|5403||220,77|0|0|0|0|0|0||
|C100|1|0|10243|55|00|1|000022815|23111007324443000187550010000228151000228155|10102011|10102011|4937,54|0|||4937,54|1||||0|0||||32,09|148,13|||
|C190|060|5403||4937,54|0|0|0|0|0|0||
|C100|1|0|4339|55|00|1|000022816|23111007324443000187550010000228161000228160|10102011|10102011|589,98|1|||589,98|1||||0|0||||3,83|17,70|||
|C190|060|5403||589,98|0|0|0|0|0|0||
|C100|1|0|4241|55|00|1|000022817|23111007324443000187550010000228171000228176|10102011|10102011|198,19|0|||198,19|1||||0|0||||1,29|5,95|||
|C190|060|5403||198,19|0|0|0|0|0|0||
|C100|1|0|17508|55|00|1|000022818|23111007324443000187550010000228181000228181|10102011|10102011|2219,20|1|||2219,20|1||||0|0||||14,42|66,58|||
|C190|060|5403||2219,20|0|0|0|0|0|0||
|C100|1|0|200190|55|00|1|000022819|23111007324443000187550010000228191000228197|10102011|10102011|223,36|0|||223,36|1||||0|0||||1,45|6,70|||
|C190|060|5403||223,36|0|0|0|0|0|0||
|C100|1|0|100003897|55|00|1|000022820|23111007324443000187550010000228201000228201|10102011|10102011|471,90|0|||471,90|1||||0|0||||3,07|14,16|||
|C190|060|5403||471,90|0|0|0|0|0|0||
|C100|1|0|11490|55|00|1|000022821|23111007324443000187550010000228211000228217|10102011|10102011|1389,72|1|||1389,72|1||||0|0||||9,03|41,69|||
|C190|060|5403||1389,72|0|0|0|0|0|0||
|C100|1|0|200219|55|00|1|000022822|23111007324443000187550010000228221000228222|10102011|10102011|925,60|0|||925,60|1||||0|0||||6,02|27,77|||
|C190|060|5403||925,60|0|0|0|0|0|0||
|C100|1|0|12097|55|00|1|000022823|23111007324443000187550010000228231000228238|10102011|10102011|299,69|0|||299,69|1||||0|0||||1,95|8,99|||
|C190|060|5403||299,69|0|0|0|0|0|0||
|C100|1|0|12605|55|00|1|000022824|23111007324443000187550010000228241000228243|10102011|10102011|1263,10|0|||1263,10|1||||0|0||||8,21|37,89|||
|C190|060|5403||1263,10|0|0|0|0|0|0||
|C100|1|0|4330|55|00|1|000022825|23111007324443000187550010000228251000228259|10102011|10102011|247,74|0|||247,74|1||||0|0||||1,61|7,43|||
|C190|060|5403||247,74|0|0|0|0|0|0||
|C100|1|0||55|02|1|000022826|23111007324443000187550010000228261000228264|||||||||||||||||||||
|C100|1|0|4736|55|00|1|000022827|23111007324443000187550010000228271000228270|10102011|10102011|1341,78|0|||1341,78|1||||0|0||||8,72|40,25|||
|C190|060|5403||1341,78|0|0|0|0|0|0||
|C100|1|0|3722|55|00|1|000022828|23111007324443000187550010000228281000228285|10102011|10102011|2142,50|1|||2142,50|1||||0|0||||13,93|64,28|||
|C190|060|5403||2142,50|0|0|0|0|0|0||
|C100|1|0|3722|55|00|1|000022829|23111007324443000187550010000228291000228290|10102011|10102011|224,00|1|||224,00|1||||0|0||||1,46|6,72|||
|C190|060|5403||224,00|0|0|0|0|0|0||
|C100|1|0|5005|55|00|1|000022830|23111007324443000187550010000228301000228305|10102011|10102011|33,27|1|||33,27|1||||0|0||||0,22|1,00|||
|C190|060|5403||33,27|0|0|0|0|0|0||
|C100|1|0|3698|55|00|1|000022831|23111007324443000187550010000228311000228310|10102011|10102011|1111,68|0|||1111,68|1||||0|0||||7,23|33,35|||
|C190|060|5403||1111,68|0|0|0|0|0|0||
|C100|1|0|10948|55|00|1|000022832|23111007324443000187550010000228321000228326|11102011|11102011|1039,38|0|||1039,38|1||||0|0||||6,76|31,18|||
|C190|060|5403||1039,38|0|0|0|0|0|0||
|C100|1|0|10948|55|00|1|000022833|23111007324443000187550010000228331000228331|11102011|11102011|558,40|0|||558,40|1||||0|0||||3,63|16,75|||
|C190|060|5403||558,40|0|0|0|0|0|0||
|C100|1|0|200358|55|00|1|000022834|23111007324443000187550010000228341000228347|11102011|11102011|425,64|0|||425,64|1||||0|0||||2,77|12,77|||
|C190|060|5403||425,64|0|0|0|0|0|0||
|C100|1|0|3700|55|00|1|000022835|23111007324443000187550010000228351000228352|11102011|11102011|931,95|1|||931,95|1||||0|0||||6,06|27,96|||
|C190|060|5403||931,95|0|0|0|0|0|0||
|C100|1|0|13247|55|00|1|000022836|23111007324443000187550010000228361000228368|11102011|11102011|298,60|0|||298,60|1||||0|0||||1,94|8,96|||
|C190|060|5403||298,60|0|0|0|0|0|0||
|C100|1|0|4946|55|00|1|000022837|23111007324443000187550010000228371000228373|11102011|11102011|1181,71|1|||1181,71|1||||0|0||||7,68|35,45|||
|C190|060|5403||1181,71|0|0|0|0|0|0||
|C100|1|0|17956|55|00|1|000022838|23111007324443000187550010000228381000228389|11102011|11102011|3525,00|1|2,47||3527,47|1||||0|0||||22,93|105,82|||
|C190|060|5403||3525,00|0|0|0|0|0|0||
|C100|1|0|17705|55|00|1|000022839|23111007324443000187550010000228391000228394|11102011|11102011|161,95|1|||161,95|1||||0|0||||1,05|4,86|||
|C190|060|5403||161,95|0|0|0|0|0|0||
|C100|1|0|18146|55|00|1|000022840|23111007324443000187550010000228401000228409|11102011|11102011|958,70|1|||958,70|1||||0|0||||6,23|28,76|||
|C190|060|5403||958,70|0|0|0|0|0|0||
|C100|1|0|4339|55|00|1|000022841|23111007324443000187550010000228411000228414|11102011|11102011|226,79|1|||226,79|1||||0|0||||1,47|6,80|||
|C190|060|5403||226,79|0|0|0|0|0|0||
|C100|1|0|17293|55|00|1|000022842|23111007324443000187550010000228421000228420|11102011|11102011|222,86|0|||222,86|1||||0|0||||1,45|6,69|||
|C190|060|5403||222,86|0|0|0|0|0|0||
|C100|1|0|18005|55|00|1|000022843|23111007324443000187550010000228431000228435|11102011|11102011|206,39|1|||206,39|1||||0|0||||1,34|6,19|||
|C190|060|5403||206,39|0|0|0|0|0|0||
|C100|1|0|10200053|55|00|1|000022844|23111007324443000187550010000228441000228440|11102011|11102011|1993,23|1|||1993,23|1||||0|0||||12,96|59,80|||
|C190|060|5403||1993,23|0|0|0|0|0|0||
|C100|1|0|9818|55|00|1|000022845|23111007324443000187550010000228451000228456|11102011|11102011|1184,23|1|||1184,23|1||||0|0||||7,70|35,53|||
|C190|060|5403||1184,23|0|0|0|0|0|0||
|C100|1|0|4641|55|00|1|000022846|23111007324443000187550010000228461000228461|11102011|11102011|4445,74|1|||4445,74|1||||0|0||||28,90|133,37|||
|C190|060|5403||4445,74|0|0|0|0|0|0||
|C100|1|0|3757|55|00|1|000022847|23111007324443000187550010000228471000228477|11102011|11102011|1761,12|0|||1761,12|1||||0|0||||11,45|52,83|||
|C190|060|5403||1761,12|0|0|0|0|0|0||
|C100|1|0|4378|55|00|1|000022848|23111007324443000187550010000228481000228482|11102011|11102011|2350,84|1|||2350,84|1||||0|0||||15,28|70,53|||
|C190|060|5403||2350,84|0|0|0|0|0|0||
|C100|1|0|18136|55|00|1|000022849|23111007324443000187550010000228491000228498|11102011|11102011|493,64|0|||493,64|1||||0|0||||3,21|14,81|||
|C190|060|5403||493,64|0|0|0|0|0|0||
|C100|1|0|5034|55|00|1|000022850|23111007324443000187550010000228501000228502|11102011|11102011|159,17|0|||159,17|1||||0|0||||1,03|4,78|||
|C190|060|5403||159,17|0|0|0|0|0|0||
|C100|1|0|17986|55|00|1|000022851|23111007324443000187550010000228511000228518|11102011|11102011|1098,46|1|||1098,46|1||||0|0||||7,14|32,95|||
|C190|060|5403||1098,46|0|0|0|0|0|0||
|C100|1|0|17707|55|00|1|000022852|23111007324443000187550010000228521000228523|11102011|11102011|637,88|1|||637,88|1||||0|0||||4,15|19,14|||
|C190|060|5403||637,88|0|0|0|0|0|0||
|C100|1|0|4241|55|00|1|000022853|23111007324443000187550010000228531000228539|11102011|11102011|1080,34|0|||1080,34|1||||0|0||||7,02|32,41|||
|C190|060|5403||1080,34|0|0|0|0|0|0||
|C100|1|0|10514|55|00|1|000022854|23111007324443000187550010000228541000228544|11102011|11102011|425,20|0|||425,20|1||||0|0||||2,76|12,76|||
|C190|060|5403||425,20|0|0|0|0|0|0||
|C100|1|0|4201|55|00|1|000022855|23111007324443000187550010000228551000228550|11102011|11102011|166,12|1|||166,12|1||||0|0||||1,08|4,98|||
|C190|060|5403||166,12|0|0|0|0|0|0||
|C100|1|0|4924|55|00|1|000022856|23111007324443000187550010000228561000228565|11102011|11102011|248,89|0|||248,89|1||||0|0||||1,62|7,47|||
|C190|060|5403||248,89|0|0|0|0|0|0||
|C100|1|0|17982|55|00|1|000022857|23111007324443000187550010000228571000228570|11102011|11102011|227,54|1|||227,54|1||||0|0||||1,48|6,83|||
|C190|060|5403||227,54|0|0|0|0|0|0||
|C100|1|0|17698|55|00|1|000022858|23111007324443000187550010000228581000228586|11102011|11102011|825,08|0|||825,08|1||||0|0||||5,36|24,75|||
|C190|060|5403||825,08|0|0|0|0|0|0||
|C100|1|0|3713|55|00|1|000022859|23111007324443000187550010000228591000228591|11102011|11102011|168,14|0|||168,14|1||||0|0||||1,09|5,04|||
|C190|060|5403||168,14|0|0|0|0|0|0||
|C100|1|0|4887|55|00|1|000022860|23111007324443000187550010000228601000228606|11102011|11102011|2533,37|0|||2533,37|1||||0|0||||16,47|76,00|||
|C190|060|5403||2533,37|0|0|0|0|0|0||
|C100|1|0|17956|55|00|1|000022861|23111007324443000187550010000228611000228611|11102011|11102011|446,88|1|||446,88|1||||0|0||||2,90|13,41|||
|C190|060|5403||446,88|0|0|0|0|0|0||
|C100|1|0|4112|55|00|1|000022862|23111007324443000187550010000228621000228627|11102011|11102011|200,73|1|||200,73|1||||0|0||||1,30|6,02|||
|C190|060|5403||200,73|0|0|0|0|0|0||
|C100|1|0|2133|55|00|1|000022864|23111007324443000187550010000228641000228648|11102011|11102011|654,01|1|||654,01|1||||0|0||||4,25|19,62|||
|C190|060|5403||654,01|0|0|0|0|0|0||
|C100|1|0|13404|55|00|1|000022865|23111007324443000187550010000228651000228653|11102011|11102011|1433,69|1|||1433,69|1||||0|0||||9,32|43,01|||
|C190|060|5403||1433,69|0|0|0|0|0|0||
|C100|1|0|4656|55|00|1|000022866|23111007324443000187550010000228661000228669|11102011|11102011|6275,93|1|||6275,93|1||||0|0||||40,79|188,28|||
|C190|060|5403||6275,93|0|0|0|0|0|0||
|C100|1|0|12749|55|00|1|000022867|23111007324443000187550010000228671000228674|11102011|11102011|249,50|0|||249,50|1||||0|0||||1,62|7,49|||
|C190|060|5403||249,50|0|0|0|0|0|0||
|C100|1|0|11670|55|00|1|000022868|23111007324443000187550010000228681000228680|11102011|11102011|2495,86|1|||2495,86|1||||0|0||||16,22|74,88|||
|C190|060|5403||2495,86|0|0|0|0|0|0||
|C100|1|0|17932|55|00|1|000022869|23111007324443000187550010000228691000228695|11102011|11102011|1144,15|1|||1144,15|1||||0|0||||7,44|34,32|||
|C190|060|5403||1144,15|0|0|0|0|0|0||
|C100|1|0|17932|55|00|1|000022870|23111007324443000187550010000228701000228700|11102011|11102011|113,10|1|||113,10|1||||0|0||||0,74|3,39|||
|C190|060|5403||113,10|0|0|0|0|0|0||
|C100|1|0|4229|55|00|1|000022871|23111007324443000187550010000228711000228715|11102011|11102011|1375,22|1|||1375,22|1||||0|0||||8,94|41,26|||
|C190|060|5403||1375,22|0|0|0|0|0|0||
|C100|1|0|200361|55|00|1|000022872|23111007324443000187550010000228721000228720|11102011|11102011|895,63|1|||895,63|1||||0|0||||5,82|26,87|||
|C190|060|5403||895,63|0|0|0|0|0|0||
|C100|1|0|3762|55|00|1|000022873|23111007324443000187550010000228731000228736|11102011|11102011|278,16|0|||278,16|1||||0|0||||1,81|8,34|||
|C190|060|5403||278,16|0|0|0|0|0|0||
|C100|1|0|10195|55|00|1|000022874|23111007324443000187550010000228741000228741|13102011|13102011|267,36|1|||267,36|1||||0|0||||1,74|8,02|||
|C190|060|5403||267,36|0|0|0|0|0|0||
|C100|1|0|16922|55|00|1|000022875|23111007324443000187550010000228751000228757|13102011|13102011|166,70|0|||166,70|1||||0|0||||1,08|5,00|||
|C190|060|5403||166,70|0|0|0|0|0|0||
|C100|1|0|200387|55|00|1|000022876|23111007324443000187550010000228761000228762|13102011|13102011|735,26|1|||735,26|1||||0|0||||4,78|22,06|||
|C190|060|5403||735,26|0|0|0|0|0|0||
|C100|1|0|4228|55|00|1|000022877|23111007324443000187550010000228771000228778|13102011|13102011|145,79|0|||145,79|1||||0|0||||0,95|4,37|||
|C190|060|5403||145,79|0|0|0|0|0|0||
|C100|1|0|18260|55|00|1|000022878|23111007324443000187550010000228781000228783|13102011|13102011|202,62|1|||202,62|1||||0|0||||1,32|6,08|||
|C190|060|5403||202,62|0|0|0|0|0|0||
|C100|1|0|4376|55|00|1|000022879|23111007324443000187550010000228791000228799|13102011|13102011|1084,46|0|||1084,46|1||||0|0||||7,05|32,53|||
|C190|060|5403||1084,46|0|0|0|0|0|0||
|C100|1|0|4688|55|00|1|000022880|23111007324443000187550010000228801000228803|13102011|13102011|617,20|0|||617,20|1||||0|0||||4,01|18,52|||
|C190|060|5403||617,20|0|0|0|0|0|0||
|C100|1|0|4688|55|00|1|000022881|23111007324443000187550010000228811000228819|13102011|13102011|907,19|0|||907,19|1||||0|0||||5,90|27,22|||
|C190|060|5403||907,19|0|0|0|0|0|0||
|C100|1|0|4688|55|00|1|000022882|23111007324443000187550010000228821000228824|13102011|13102011|2425,84|0|||2425,84|1||||0|0||||15,77|72,78|||
|C190|060|5403||2425,84|0|0|0|0|0|0||
|C100|1|0|4688|55|00|1|000022883|23111007324443000187550010000228831000228830|13102011|13102011|749,92|0|||749,92|1||||0|0||||4,87|22,50|||
|C190|060|5403||749,92|0|0|0|0|0|0||
|C100|1|0|4155|55|00|1|000022884|23111007324443000187550010000228841000228845|13102011|13102011|541,91|1|||541,91|1||||0|0||||3,52|16,26|||
|C190|060|5403||541,91|0|0|0|0|0|0||
|C100|1|0|4378|55|00|1|000022885|23111007324443000187550010000228851000228850|13102011|13102011|1366,40|1|||1366,40|1||||0|0||||8,88|40,99|||
|C190|060|5403||1366,40|0|0|0|0|0|0||
|C100|1|0|3714|55|00|1|000022886|23111007324443000187550010000228861000228866|13102011|13102011|1449,20|1|||1449,20|1||||0|0||||9,42|43,48|||
|C190|060|5403||1449,20|0|0|0|0|0|0||
|C100|1|0|4664|55|00|1|000022887|23111007324443000187550010000228871000228871|13102011|13102011|6126,38|1|||6126,38|1||||0|0||||39,82|183,79|||
|C190|060|5403||6126,38|0|0|0|0|0|0||
|C100|1|0|4221|55|00|1|000022888|23111007324443000187550010000228881000228887|13102011|13102011|800,70|0|||800,70|1||||0|0||||5,20|24,02|||
|C190|060|5403||800,70|0|0|0|0|0|0||
|C100|1|0|13719|55|00|1|000022889|23111007324443000187550010000228891000228892|13102011|13102011|1924,42|1|||1924,42|1||||0|0||||12,51|57,73|||
|C190|060|5403||1924,42|0|0|0|0|0|0||
|C100|1|0|4653|55|00|1|000022890|23111007324443000187550010000228901000228907|13102011|13102011|1217,14|1|||1217,14|1||||0|0||||7,91|36,51|||
|C190|060|5403||1217,14|0|0|0|0|0|0||
|C100|1|0|1078|55|00|1|000022891|23111007324443000187550010000228911000228912|13102011|13102011|1399,33|1|||1399,33|1||||0|0||||9,10|41,98|||
|C190|060|6403||1399,33|0|0|0|0|0|0||
|C100|1|0|3823|55|00|1|000022892|23111007324443000187550010000228921000228928|13102011|13102011|3148,62|1|||3148,62|1||||0|0||||20,47|94,46|||
|C190|060|5403||3148,62|0|0|0|0|0|0||
|C100|1|0|4688|55|00|1|000022893|23111007324443000187550010000228931000228933|13102011|13102011|573,91|0|||573,91|1||||0|0||||3,73|17,22|||
|C190|060|5403||573,91|0|0|0|0|0|0||
|C100|1|0|3808|55|00|1|000022894|23111007324443000187550010000228941000228949|13102011|13102011|604,15|1|||604,15|1||||0|0||||3,93|18,12|||
|C190|060|5403||604,15|0|0|0|0|0|0||
|C100|1|0|18141|55|00|1|000022895|23111007324443000187550010000228951000228954|13102011|13102011|573,85|1|||573,85|1||||0|0||||3,73|17,22|||
|C190|060|5403||573,85|0|0|0|0|0|0||
|C100|1|0|13721|55|00|1|000022896|23111007324443000187550010000228961000228960|13102011|13102011|4588,12|0|||4588,12|1||||0|0||||29,82|137,64|||
|C190|060|5403||4588,12|0|0|0|0|0|0||
|C100|1|0|200389|55|00|1|000022897|23111007324443000187550010000228971000228975|13102011|13102011|165,55|1|||165,55|1||||0|0||||1,08|4,97|||
|C190|060|5403||165,55|0|0|0|0|0|0||
|C100|1|0|4952|55|00|1|000022898|23111007324443000187550010000228981000228980|13102011|13102011|405,92|1|||405,92|1||||0|0||||2,64|12,18|||
|C190|060|5403||405,92|0|0|0|0|0|0||
|C100|1|0|800010057|55|00|1|000022899|23111007324443000187550010000228991000228996|13102011|13102011|527,12|1|||527,12|1||||0|0||||3,43|15,81|||
|C190|060|5403||527,12|0|0|0|0|0|0||
|C100|1|0|12602|55|00|1|000022900|23111007324443000187550010000229001000229006|13102011|13102011|168,45|1|||168,45|1||||0|0||||1,09|5,05|||
|C190|060|5403||168,45|0|0|0|0|0|0||
|C100|1|0|4668|55|00|1|000022901|23111007324443000187550010000229011000229011|13102011|13102011|193,90|1|||193,90|1||||0|0||||1,26|5,82|||
|C190|060|5403||193,90|0|0|0|0|0|0||
|C100|1|0|13575|55|00|1|000022902|23111007324443000187550010000229021000229027|13102011|13102011|186,38|0|||186,38|1||||0|0||||1,21|5,59|||
|C190|060|5403||186,38|0|0|0|0|0|0||
|C100|1|0|200364|55|00|1|000022903|23111007324443000187550010000229031000229032|13102011|13102011|970,63|0|||970,63|1||||0|0||||6,31|29,12|||
|C190|060|5403||970,63|0|0|0|0|0|0||
|C100|1|0|3705|55|00|1|000022904|23111007324443000187550010000229041000229048|13102011|13102011|2259,70|0|||2259,70|1||||0|0||||14,69|67,79|||
|C190|060|5403||2259,70|0|0|0|0|0|0||
|C100|1|0|4281|55|00|1|000022905|23111007324443000187550010000229051000229053|13102011|13102011|2246,27|1|||2246,27|1||||0|0||||14,60|67,39|||
|C190|060|5403||2246,27|0|0|0|0|0|0||
|C100|1|0|12436|55|00|1|000022907|23111007324443000187550010000229071000229074|13102011|13102011|591,97|0|||571,97|1|20,00|||0|0||||3,85|17,76|||
|C190|060|5403||591,97|0|0|0|0|0|0||
|C100|1|0|5050|55|00|1|000022908|23111007324443000187550010000229081000229080|13102011|13102011|2427,51|1|||2427,51|1||||0|0||||15,78|72,83|||
|C190|060|5403||2427,51|0|0|0|0|0|0||
|C100|1|0|3034|55|00|1|000022909|23111007324443000187550010000229091000229095|13102011|13102011|1518,99|0|||1518,99|1||||0|0||||9,87|45,57|||
|C190|060|5403||1518,99|0|0|0|0|0|0||
|C100|1|0|11821|55|00|1|000022910|23111007324443000187550010000229101000229100|13102011|13102011|1206,45|1|||1206,45|1||||0|0||||7,84|36,19|||
|C190|060|5403||1206,45|0|0|0|0|0|0||
|C100|1|0|4725|55|00|1|000022911|23111007324443000187550010000229111000229115|13102011|13102011|1442,32|0|||1442,32|1||||0|0||||9,38|43,27|||
|C190|060|5403||1442,32|0|0|0|0|0|0||
|C100|1|0|18269|55|00|1|000022912|23111007324443000187550010000229121000229120|13102011|13102011|566,58|1|||566,58|1||||0|0||||3,68|17,00|||
|C190|060|5403||566,58|0|0|0|0|0|0||
|C100|1|0|13740|55|00|1|000022913|23111007324443000187550010000229131000229136|14102011|14102011|464,46|1|||464,46|1||||0|0||||3,02|13,93|||
|C190|060|5403||464,46|0|0|0|0|0|0||
|C100|1|0|3808|55|00|1|000022914|23111007324443000187550010000229141000229141|14102011|14102011|160,90|1|||160,90|1||||0|0||||1,05|4,83|||
|C190|060|5403||160,90|0|0|0|0|0|0||
|C100|1|0|18182|55|00|1|000022915|23111007324443000187550010000229151000229157|14102011|14102011|793,84|1|||793,84|1||||0|0||||5,16|23,82|||
|C190|060|5403||793,84|0|0|0|0|0|0||
|C100|1|0|10200047|55|00|1|000022916|23111007324443000187550010000229161000229162|14102011|14102011|658,45|1|||658,45|1||||0|0||||4,28|19,75|||
|C190|060|5403||658,45|0|0|0|0|0|0||
|C100|1|0|13250|55|00|1|000022917|23111007324443000187550010000229171000229178|14102011|14102011|1009,41|0|||1009,41|1||||0|0||||6,56|30,28|||
|C190|060|5403||1009,41|0|0|0|0|0|0||
|C100|1|0|12735|55|00|1|000022918|23111007324443000187550010000229181000229183|14102011|14102011|1211,54|1|||1211,54|1||||0|0||||7,88|36,35|||
|C190|060|5403||1211,54|0|0|0|0|0|0||
|C100|1|0|4155|55|00|1|000022919|23111007324443000187550010000229191000229199|14102011|14102011|216,34|1|||216,34|1||||0|0||||1,41|6,49|||
|C190|060|5403||216,34|0|0|0|0|0|0||
|C100|1|0|200191|55|00|1|000022920|23111007324443000187550010000229201000229203|14102011|14102011|467,78|1|||467,78|1||||0|0||||3,04|14,03|||
|C190|060|5403||467,78|0|0|0|0|0|0||
|C100|1|0|3809|55|00|1|000022921|23111007324443000187550010000229211000229219|14102011|14102011|630,13|1|||630,13|1||||0|0||||4,10|18,90|||
|C190|060|5403||630,13|0|0|0|0|0|0||
|C100|1|0|200538|55|00|1|000022922|23111007324443000187550010000229221000229224|14102011|14102011|201,89|0|||201,89|1||||0|0||||1,31|6,06|||
|C190|060|5403||201,89|0|0|0|0|0|0||
|C100|1|0|10199|55|00|1|000022923|23111007324443000187550010000229231000229230|14102011|14102011|1406,67|0|||1406,67|1||||0|0||||9,14|42,20|||
|C190|060|5403||1406,67|0|0|0|0|0|0||
|C100|1|0|13249|55|00|1|000022924|23111007324443000187550010000229241000229245|14102011|14102011|1690,41|1|||1690,41|1||||0|0||||10,99|50,71|||
|C190|060|5403||1690,41|0|0|0|0|0|0||
|C100|1|0|3707|55|00|1|000022925|23111007324443000187550010000229251000229250|14102011|14102011|3607,12|0|||3607,12|1||||0|0||||23,45|108,21|||
|C190|060|5403||3607,12|0|0|0|0|0|0||
|C100|1|0|1514|55|00|1|000022926|23111007324443000187550010000229261000229266|14102011|14102011|1608,36|1|||1608,36|1||||0|0||||10,45|48,25|||
|C190|060|5403||1608,36|0|0|0|0|0|0||
|C100|1|0|4808|55|00|1|000022927|23111007324443000187550010000229271000229271|14102011|14102011|837,52|0|||837,52|1||||0|0||||5,44|25,13|||
|C190|060|5403||837,52|0|0|0|0|0|0||
|C100|1|0|4570|55|00|1|000022928|23111007324443000187550010000229281000229287|14102011|14102011|1614,30|1|||1614,30|1||||0|0||||10,49|48,43|||
|C190|060|5403||1614,30|0|0|0|0|0|0||
|C100|1|0|3741|55|00|1|000022929|23111007324443000187550010000229291000229292|14102011|14102011|526,85|0|||526,85|1||||0|0||||3,42|15,81|||
|C190|060|5403||526,85|0|0|0|0|0|0||
|C100|1|0|12749|55|00|1|000022930|23111007324443000187550010000229301000229307|14102011|14102011|3362,47|1|||3362,47|1||||0|0||||21,86|100,87|||
|C190|060|5403||3362,47|0|0|0|0|0|0||
|C100|1|0|17866|55|00|1|000022931|23111007324443000187550010000229311000229312|14102011|14102011|1547,76|1|||1547,76|1||||0|0||||10,06|46,43|||
|C190|060|5403||1547,76|0|0|0|0|0|0||
|C100|1|0|13739|55|00|1|000022932|23111007324443000187550010000229321000229328|14102011|14102011|506,53|1|||506,53|1||||0|0||||3,29|15,20|||
|C190|060|5403||506,53|0|0|0|0|0|0||
|C100|1|0|12605|55|00|1|000022933|23111007324443000187550010000229331000229333|14102011|14102011|495,36|0|||495,36|1||||0|0||||3,22|14,86|||
|C190|060|5403||495,36|0|0|0|0|0|0||
|C100|1|0|4459|55|00|1|000022934|23111007324443000187550010000229341000229349|14102011|14102011|3420,00|1|||3420,00|1||||0|0||||22,23|102,60|||
|C190|060|5403||3420,00|0|0|0|0|0|0||
|C100|1|0|10568|55|00|1|000022935|23111007324443000187550010000229351000229354|14102011|14102011|1145,20|1|||1145,20|1||||0|0||||7,44|34,36|||
|C190|060|5403||1145,20|0|0|0|0|0|0||
|C100|1|0|17293|55|00|1|000022936|23111007324443000187550010000229361000229360|14102011|14102011|275,49|0|||275,49|1||||0|0||||1,79|8,26|||
|C190|060|5403||275,49|0|0|0|0|0|0||
|C100|1|0|200219|55|00|1|000022937|23111007324443000187550010000229371000229375|14102011|14102011|718,97|0|||718,97|1||||0|0||||4,67|21,57|||
|C190|060|5403||718,97|0|0|0|0|0|0||
|C100|1|0|3821|55|00|1|000022938|23111007324443000187550010000229381000229380|14102011|14102011|960,32|1|||960,32|1||||0|0||||6,24|28,81|||
|C190|060|5403||960,32|0|0|0|0|0|0||
|C100|1|0|3713|55|00|1|000022939|23111007324443000187550010000229391000229396|14102011|14102011|164,31|0|||164,31|1||||0|0||||1,07|4,93|||
|C190|060|5403||164,31|0|0|0|0|0|0||
|C100|1|0|200179|55|00|1|000022940|23111007324443000187550010000229401000229400|14102011|14102011|263,26|0|||263,26|1||||0|0||||1,71|7,90|||
|C190|060|5403||263,26|0|0|0|0|0|0||
|C100|1|0|4376|55|00|1|000022941|23111007324443000187550010000229411000229416|14102011|14102011|326,00|0|||326,00|1||||0|0||||2,12|9,78|||
|C190|060|5403||326,00|0|0|0|0|0|0||
|C100|1|0|4376|55|00|1|000022942|23111007324443000187550010000229421000229421|14102011|14102011|2043,27|0|||2043,27|1||||0|0||||13,28|61,30|||
|C190|060|5403||2043,27|0|0|0|0|0|0||
|C100|1|0|4313|55|00|1|000022943|23111007324443000187550010000229431000229437|14102011|14102011|939,61|1|||939,61|1||||0|0||||6,11|28,19|||
|C190|060|5403||939,61|0|0|0|0|0|0||
|C100|1|0|17985|55|00|1|000022944|23111007324443000187550010000229441000229442|14102011|14102011|225,60|1|||225,60|1||||0|0||||1,47|6,77|||
|C190|060|5403||225,60|0|0|0|0|0|0||
|C100|1|0|200360|55|00|1|000022945|23111007324443000187550010000229451000229458|14102011|14102011|380,47|1|||380,47|1||||0|0||||2,47|11,41|||
|C190|060|5403||380,47|0|0|0|0|0|0||
|C100|1|0|4192|55|00|1|000022946|23111007324443000187550010000229461000229463|14102011|14102011|566,26|0|||566,26|1||||0|0||||3,68|16,99|||
|C190|060|5403||566,26|0|0|0|0|0|0||
|C100|1|0|4192|55|00|1|000022947|23111007324443000187550010000229471000229479|14102011|14102011|256,32|0|||256,32|1||||0|0||||1,67|7,69|||
|C190|060|5403||256,32|0|0|0|0|0|0||
|C100|1|0|16913|55|00|1|000022948|23111007324443000187550010000229481000229484|14102011|14102011|991,26|1|||991,26|1||||0|0||||6,44|29,74|||
|C190|060|5403||991,26|0|0|0|0|0|0||
|C100|1|0|200358|55|00|1|000022949|23111007324443000187550010000229491000229490|14102011|14102011|541,92|0|||541,92|1||||0|0||||3,52|16,26|||
|C190|060|5403||541,92|0|0|0|0|0|0||
|C100|1|0|11815|55|00|1|000022950|23111007324443000187550010000229501000229504|14102011|14102011|14,83|0|||14,83|1||||0|0||||0,10|0,44|||
|C190|060|5403||14,83|0|0|0|0|0|0||
|C100|1|0|800010114|55|00|1|000022951|23111007324443000187550010000229511000229510|14102011|14102011|1200,20|1|||1200,20|1||||0|0||||7,80|36,01|||
|C190|060|5403||1200,20|0|0|0|0|0|0||
|C100|1|0|3752|55|00|1|000022952|23111007324443000187550010000229521000229525|14102011|14102011|516,95|0|12,42||529,37|1||||0|0||||3,44|15,88|||
|C190|060|5403||516,95|0|0|0|0|0|0||
|C100|1|0|10200056|55|00|1|000022953|23111007324443000187550010000229531000229530|14102011|14102011|2839,87|0|||2839,87|1||||0|0||||18,46|85,20|||
|C190|060|5403||2839,87|0|0|0|0|0|0||
|C100|1|0|4714|55|00|1|000022954|23111007324443000187550010000229541000229546|14102011|14102011|616,22|1|||616,22|1||||0|0||||4,01|18,49|||
|C190|060|5403||616,22|0|0|0|0|0|0||
|C100|1|0|1267|55|00|1|000022955|23111007324443000187550010000229551000229551|14102011|14102011|2508,98|1|||2508,98|1||||0|0||||16,31|75,27|||
|C190|060|5403||2508,98|0|0|0|0|0|0||
|C100|1|0|3750|55|00|1|000022956|23111007324443000187550010000229561000229567|14102011|14102011|2016,00|1|||2016,00|1||||0|0||||13,10|60,48|||
|C190|060|6403||2016,00|0|0|0|0|0|0||
|C100|1|0|10566|55|00|1|000022957|23111007324443000187550010000229571000229572|14102011|14102011|203,73|0|||203,73|1||||0|0||||1,32|6,11|||
|C190|060|5403||203,73|0|0|0|0|0|0||
|C100|1|0|11953|55|00|1|000022958|23111007324443000187550010000229581000229588|14102011|14102011|2232,20|1|||2232,20|1||||0|0||||14,51|66,97|||
|C190|060|5403||2232,20|0|0|0|0|0|0||
|C100|1|0|4825|55|00|1|000022959|23111007324443000187550010000229591000229593|14102011|14102011|905,14|0|||905,14|1||||0|0||||5,88|27,15|||
|C190|060|5403||905,14|0|0|0|0|0|0||
|C100|1|0|17300|55|00|1|000022960|23111007324443000187550010000229601000229608|14102011|14102011|361,50|1|||361,50|1||||0|0||||2,35|10,85|||
|C190|060|5403||361,50|0|0|0|0|0|0||
|C100|1|0|13264|55|00|1|000022961|23111007324443000187550010000229611000229613|14102011|14102011|353,22|0|||353,22|1||||0|0||||2,30|10,60|||
|C190|060|5403||353,22|0|0|0|0|0|0||
|C100|1|0|13264|55|00|1|000022962|23111007324443000187550010000229621000229629|14102011|14102011|145,95|0|||145,95|1||||0|0||||0,95|4,38|||
|C190|060|5403||145,95|0|0|0|0|0|0||
|C100|1|0|4241|55|00|1|000022963|23111007324443000187550010000229631000229634|14102011|14102011|1691,61|0|||1691,61|1||||0|0||||11,00|50,75|||
|C190|060|5403||1691,61|0|0|0|0|0|0||
|C100|1|0|200544|55|00|1|000022964|23111007324443000187550010000229641000229640|14102011|14102011|1887,92|1|||1887,92|1||||0|0||||12,27|56,64|||
|C190|060|5403||1887,92|0|0|0|0|0|0||
|C100|1|0|10514|55|00|1|000022965|23111007324443000187550010000229651000229655|17102011|17102011|850,40|0|||850,40|1||||0|0||||5,53|25,51|||
|C190|060|5403||850,40|0|0|0|0|0|0||
|C100|1|0|18131|55|00|1|000022966|23111007324443000187550010000229661000229660|17102011|17102011|726,19|1|||726,19|1||||0|0||||4,72|21,79|||
|C190|060|5403||726,19|0|0|0|0|0|0||
|C100|1|0|11499|55|00|1|000022967|23111007324443000187550010000229671000229676|17102011|17102011|1968,46|1|||1968,46|1||||0|0||||12,80|59,05|||
|C190|060|5403||1968,46|0|0|0|0|0|0||
|C100|1|0|4681|55|00|1|000022968|23111007324443000187550010000229681000229681|17102011|17102011|819,51|1|||819,51|1||||0|0||||5,33|24,59|||
|C190|060|5403||819,51|0|0|0|0|0|0||
|C100|1|0|10470|55|00|1|000022969|23111007324443000187550010000229691000229697|17102011|17102011|122,70|1|||122,70|1||||0|0||||0,80|3,68|||
|C190|060|5403||122,70|0|0|0|0|0|0||
|C100|1|0|4861|55|00|1|000022970|23111007324443000187550010000229701000229701|17102011|17102011|1767,85|0|||1767,85|1||||0|0||||11,49|53,04|||
|C190|060|5403||1767,85|0|0|0|0|0|0||
|C100|1|0|4313|55|00|1|000022971|23111007324443000187550010000229711000229717|17102011|17102011|1316,72|1|||1316,72|1||||0|0||||8,56|39,50|||
|C190|060|5403||1316,72|0|0|0|0|0|0||
|C100|1|0|4265|55|00|1|000022972|23111007324443000187550010000229721000229722|17102011|17102011|1700,00|1|||1700,00|1||||0|0||||11,05|51,00|||
|C190|060|5403||1700,00|0|0|0|0|0|0||
|C100|1|0|18264|55|00|1|000022973|23111007324443000187550010000229731000229738|17102011|17102011|1635,44|1|||1635,44|1||||0|0||||10,63|49,06|||
|C190|060|5403||1635,44|0|0|0|0|0|0||
|C100|1|0|3720|55|00|1|000022974|23111007324443000187550010000229741000229743|17102011|17102011|1134,14|1|||1134,14|1||||0|0||||7,37|34,02|||
|C190|060|5403||1134,14|0|0|0|0|0|0||
|C100|1|0|100003897|55|00|1|000022975|23111007324443000187550010000229751000229759|17102011|17102011|311,19|0|||311,19|1||||0|0||||2,02|9,34|||
|C190|060|5403||311,19|0|0|0|0|0|0||
|C100|1|0|5052|55|00|1|000022976|23111007324443000187550010000229761000229764|17102011|17102011|2186,76|0|||2186,76|1||||0|0||||14,21|65,60|||
|C190|060|5403||2186,76|0|0|0|0|0|0||
|C100|1|0|5040|55|00|1|000022977|23111007324443000187550010000229771000229770|17102011|17102011|149,31|0|||149,31|1||||0|0||||0,97|4,48|||
|C190|060|5403||149,31|0|0|0|0|0|0||
|C100|1|0|17293|55|00|1|000022978|23111007324443000187550010000229781000229785|17102011|17102011|165,17|0|||165,17|1||||0|0||||1,07|4,96|||
|C190|060|5403||165,17|0|0|0|0|0|0||
|C100|1|0|4861|55|00|1|000022979|23111007324443000187550010000229791000229790|17102011|17102011|1164,83|0|||1164,83|1||||0|0||||7,57|34,94|||
|C190|060|5403||1164,83|0|0|0|0|0|0||
|C100|1|0|3766|55|00|1|000022980|23111007324443000187550010000229801000229805|17102011|17102011|2779,82|1|||2779,82|1||||0|0||||18,07|83,39|||
|C190|060|5403||2779,82|0|0|0|0|0|0||
|C100|1|0||55|02|1|000022981|23111007324443000187550010000229811000229810|||||||||||||||||||||
|C100|1|0|10925|55|00|1|000022982|23111007324443000187550010000229821000229826|17102011|17102011|213,29|0|||213,29|1||||0|0||||1,39|6,40|||
|C190|060|5403||213,29|0|0|0|0|0|0||
|C100|1|0|4700|55|00|1|000022983|23111007324443000187550010000229831000229831|17102011|17102011|1002,13|1|||1002,13|1||||0|0||||6,51|30,06|||
|C190|060|5403||1002,13|0|0|0|0|0|0||
|C100|1|0|1061|55|00|1|000022984|23111007324443000187550010000229841000229847|17102011|17102011|246,99|1|||221,99|1|25,00|||0|0||||1,61|7,41|||
|C190|060|5403||246,99|0|0|0|0|0|0||
|C100|1|0|10195|55|00|1|000022985|23111007324443000187550010000229851000229852|17102011|17102011|292,67|1|||292,67|1||||0|0||||1,90|8,78|||
|C190|060|5403||292,67|0|0|0|0|0|0||
|C100|1|0|17284|55|00|1|000022986|23111007324443000187550010000229861000229868|17102011|17102011|505,34|1|||480,34|1|25,00|||0|0||||3,28|15,16|||
|C190|060|5403||505,34|0|0|0|0|0|0||
|C100|1|0|4736|55|00|1|000022987|23111007324443000187550010000229871000229873|17102011|17102011|1085,75|0|||1085,75|1||||0|0||||7,06|32,57|||
|C190|060|5403||1085,75|0|0|0|0|0|0||
|C100|1|0|18004|55|00|1|000022988|23111007324443000187550010000229881000229889|17102011|17102011|465,22|0|||465,22|1||||0|0||||3,02|13,96|||
|C190|060|5403||465,22|0|0|0|0|0|0||
|C100|1|0|4155|55|00|1|000022989|23111007324443000187550010000229891000229894|17102011|17102011|203,12|1|||203,12|1||||0|0||||1,32|6,09|||
|C190|060|5403||203,12|0|0|0|0|0|0||
|C100|1|0|17986|55|00|1|000022990|23111007324443000187550010000229901000229909|17102011|17102011|509,65|1|||509,65|1||||0|0||||3,31|15,29|||
|C190|060|5403||509,65|0|0|0|0|0|0||
|C100|1|0|4619|55|00|1|000022991|23111007324443000187550010000229911000229914|17102011|17102011|500,04|1|||500,04|1||||0|0||||3,25|15,00|||
|C190|060|5403||500,04|0|0|0|0|0|0||
|C100|1|0|3745|55|00|1|000022992|23111007324443000187550010000229921000229920|17102011|17102011|506,25|1|||506,25|1||||0|0||||3,29|15,19|||
|C190|060|5403||506,25|0|0|0|0|0|0||
|C100|1|0|10935|55|00|1|000022993|23111007324443000187550010000229931000229935|17102011|17102011|1401,12|1|||1401,12|1||||0|0||||9,11|42,03|||
|C190|060|5403||1401,12|0|0|0|0|0|0||
|C100|1|0|10948|55|00|1|000022994|23111007324443000187550010000229941000229940|17102011|17102011|1182,20|0|||1182,20|1||||0|0||||7,68|35,47|||
|C190|060|5403||1182,20|0|0|0|0|0|0||
|C100|1|0|1677|55|00|1|000022995|23111007324443000187550010000229951000229956|17102011|17102011|1572,28|1|||1572,28|1||||0|0||||10,22|47,17|||
|C190|060|5403||1572,28|0|0|0|0|0|0||
|C100|1|0|2440|55|00|1|000022996|23111007324443000187550010000229961000229961|17102011|17102011|1635,62|1|||1635,62|1||||0|0||||10,63|49,07|||
|C190|060|5403||1635,62|0|0|0|0|0|0||
|C100|1|0|4173|55|00|1|000022997|23111007324443000187550010000229971000229977|17102011|17102011|2031,57|1|||2031,57|1||||0|0||||13,21|60,95|||
|C190|060|5403||2031,57|0|0|0|0|0|0||
|C100|1|0|10948|55|00|1|000022998|23111007324443000187550010000229981000229982|17102011|17102011|260,61|0|||260,61|1||||0|0||||1,69|7,82|||
|C190|060|5403||260,61|0|0|0|0|0|0||
|C100|1|0|1599|55|00|1|000022999|23111007324443000187550010000229991000229998|17102011|17102011|2077,32|1|||2077,32|1||||0|0||||13,50|62,32|||
|C190|060|5403||2077,32|0|0|0|0|0|0||
|C100|1|0|4295|55|00|1|000023000|23111007324443000187550010000230001000230000|17102011|17102011|1521,76|0|||1521,76|1||||0|0||||9,89|45,65|||
|C190|060|5403||1521,76|0|0|0|0|0|0||
|C100|1|0|13880|55|00|1|000023001|23111007324443000187550010000230011000230015|17102011|17102011|605,58|1|||605,58|1||||0|0||||3,94|18,17|||
|C190|060|5403||605,58|0|0|0|0|0|0||
|C100|1|0|10200057|55|00|1|000023002|23111007324443000187550010000230021000230020|17102011|17102011|274,89|0|||274,89|1||||0|0||||1,79|8,25|||
|C190|060|5403||274,89|0|0|0|0|0|0||
|C100|1|0|12603|55|00|1|000023003|23111007324443000187550010000230031000230036|18102011|18102011|930,42|1|||930,42|1||||0|0||||6,05|27,91|||
|C190|060|5403||930,42|0|0|0|0|0|0||
|C100|1|0|12603|55|00|1|000023004|23111007324443000187550010000230041000230041|18102011|18102011|152,22|1|||152,22|1||||0|0||||0,99|4,57|||
|C190|060|5403||152,22|0|0|0|0|0|0||
|C100|1|0|17083|55|00|1|000023005|23111007324443000187550010000230051000230057|18102011|18102011|1244,51|1|||1244,51|1||||0|0||||8,09|37,34|||
|C190|060|5403||1244,51|0|0|0|0|0|0||
|C100|1|0|4230|55|00|1|000023006|23111007324443000187550010000230061000230062|18102011|18102011|544,83|1|||544,83|1||||0|0||||3,54|16,34|||
|C190|060|5403||544,83|0|0|0|0|0|0||
|C100|1|0|3741|55|00|1|000023007|23111007324443000187550010000230071000230078|18102011|18102011|162,31|0|||162,31|1||||0|0||||1,06|4,87|||
|C190|060|5403||162,31|0|0|0|0|0|0||
|C100|1|0|4201|55|00|1|000023008|23111007324443000187550010000230081000230083|18102011|18102011|488,28|1|||488,28|1||||0|0||||3,17|14,65|||
|C190|060|5403||488,28|0|0|0|0|0|0||
|C100|1|0|17072|55|00|1|000023009|23111007324443000187550010000230091000230099|18102011|18102011|1623,73|1|||1623,73|1||||0|0||||10,55|48,71|||
|C190|060|5403||1623,73|0|0|0|0|0|0||
|C100|1|0|4230|55|00|1|000023010|23111007324443000187550010000230101000230103|18102011|18102011|492,99|0|||492,99|1||||0|0||||3,20|14,79|||
|C190|060|5403||492,99|0|0|0|0|0|0||
|C100|1|0|17982|55|00|1|000023011|23111007324443000187550010000230111000230119|18102011|18102011|856,32|1|||856,32|1||||0|0||||5,57|25,69|||
|C190|060|5403||856,32|0|0|0|0|0|0||
|C100|1|0|4722|55|00|1|000023012|23111007324443000187550010000230121000230124|18102011|18102011|953,62|1|||953,62|1||||0|0||||6,20|28,61|||
|C190|060|5403||953,62|0|0|0|0|0|0||
|C100|1|0|13715|55|00|1|000023013|23111007324443000187550010000230131000230130|18102011|18102011|1720,94|1|||1720,94|1||||0|0||||11,19|51,63|||
|C190|060|5403||1720,94|0|0|0|0|0|0||
|C100|1|0|16922|55|00|1|000023014|23111007324443000187550010000230141000230145|18102011|18102011|658,13|0|||658,13|1||||0|0||||4,28|19,74|||
|C190|060|5403||658,13|0|0|0|0|0|0||
|C100|1|0|3756|55|00|1|000023015|23111007324443000187550010000230151000230150|18102011|18102011|585,69|0|||585,69|1||||0|0||||3,81|17,57|||
|C190|060|5403||585,69|0|0|0|0|0|0||
|C100|1|0|5040|55|00|1|000023016|23111007324443000187550010000230161000230166|18102011|18102011|202,23|0|||202,23|1||||0|0||||1,31|6,07|||
|C190|060|5403||202,23|0|0|0|0|0|0||
|C100|1|0|4619|55|00|1|000023017|23111007324443000187550010000230171000230171|18102011|18102011|946,58|1|||946,58|1||||0|0||||6,15|28,40|||
|C190|060|5403||946,58|0|0|0|0|0|0||
|C100|1|0|18269|55|00|1|000023018|23111007324443000187550010000230181000230187|18102011|18102011|211,88|1|||211,88|1||||0|0||||1,38|6,36|||
|C190|060|5403||211,88|0|0|0|0|0|0||
|C100|1|0|3784|55|00|1|000023019|23111007324443000187550010000230191000230192|18102011|18102011|243,35|1|||243,35|1||||0|0||||1,58|7,30|||
|C190|060|5403||243,35|0|0|0|0|0|0||
|C100|1|0|3799|55|00|1|000023020|23111007324443000187550010000230201000230207|18102011|18102011|523,64|0|||523,64|1||||0|0||||3,40|15,71|||
|C190|060|5403||523,64|0|0|0|0|0|0||
|C100|1|0|4339|55|00|1|000023021|23111007324443000187550010000230211000230212|18102011|18102011|501,70|1|||501,70|1||||0|0||||3,26|15,05|||
|C190|060|5403||501,70|0|0|0|0|0|0||
|C100|1|0|3700|55|00|1|000023022|23111007324443000187550010000230221000230228|17102011|17102011|912,22|1|||912,22|1||||0|0||||5,93|27,37|||
|C190|060|5403||912,22|0|0|0|0|0|0||
|C100|1|0|4462|55|00|1|000023023|23111007324443000187550010000230231000230233|18102011|18102011|3235,24|0|||3235,24|1||||0|0||||21,03|97,06|||
|C190|060|5403||3235,24|0|0|0|0|0|0||
|C100|1|0|4466|55|00|1|000023024|23111007324443000187550010000230241000230249|18102011|18102011|2379,17|1|||2379,17|1||||0|0||||15,46|71,38|||
|C190|060|5403||2379,17|0|0|0|0|0|0||
|C100|1|0|1000|55|00|1|000023025|23111007324443000187550010000230251000230254|18102011|18102011|3265,33|0|||3265,33|1||||0|0||||21,22|97,96|||
|C190|060|5403||3265,33|0|0|0|0|0|0||
|C100|1|0|1756|55|00|1|000023026|23111007324443000187550010000230261000230260|18102011|18102011|2660,85|1|||2660,85|1||||0|0||||17,30|79,83|||
|C190|060|5403||2660,85|0|0|0|0|0|0||
|C100|1|0||55|02|1|000023027|23111007324443000187550010000230271000230275|||||||||||||||||||||
|C100|1|0|800010057|55|00|1|000023028|23111007324443000187550010000230281000230280|18102011|18102011|1632,54|0|||1632,54|1||||0|0||||10,61|48,98|||
|C190|060|5403||1632,54|0|0|0|0|0|0||
|C100|1|0|17705|55|00|1|000023029|23111007324443000187550010000230291000230296|18102011|18102011|167,90|1|||167,90|1||||0|0||||1,09|5,04|||
|C190|060|5403||167,90|0|0|0|0|0|0||
|C100|1|0|100003897|55|00|1|000023030|23111007324443000187550010000230301000230300|18102011|18102011|515,43|0|||515,43|1||||0|0||||3,35|15,46|||
|C190|060|5403||515,43|0|0|0|0|0|0||
|C100|1|0|1513|55|00|1|000023031|23111007324443000187550010000230311000230316|18102011|18102011|804,66|0|||804,66|1||||0|0||||5,23|24,14|||
|C190|060|5403||804,66|0|0|0|0|0|0||
|C100|1|0|2347|55|00|1|000023032|23111007324443000187550010000230321000230321|18102011|18102011|2506,90|1|||2506,90|1||||0|0||||16,29|75,21|||
|C190|060|5403||2506,90|0|0|0|0|0|0||
|C100|1|0|3209|55|00|1|000023033|23111007324443000187550010000230331000230337|18102011|18102011|1954,73|1|||1954,73|1||||0|0||||12,71|58,64|||
|C190|060|5403||1954,73|0|0|0|0|0|0||
|C100|1|0|1923|55|00|1|000023034|23111007324443000187550010000230341000230342|18102011|18102011|1404,92|0|||1404,92|1||||0|0||||9,13|42,15|||
|C190|060|5403||1404,92|0|0|0|0|0|0||
|C100|1|0|17705|55|00|1|000023035|23111007324443000187550010000230351000230358|18102011|18102011|163,41|1|||163,41|1||||0|0||||1,06|4,90|||
|C190|060|5403||163,41|0|0|0|0|0|0||
|C100|1|0|11994|55|00|1|000023036|23111007324443000187550010000230361000230363|18102011|18102011|860,02|1|||860,02|1||||0|0||||5,59|25,80|||
|C190|060|5403||860,02|0|0|0|0|0|0||
|C100|1|0|3761|55|00|1|000023037|23111007324443000187550010000230371000230379|18102011|18102011|1711,24|0|||1711,24|1||||0|0||||11,12|51,34|||
|C190|060|5403||1711,24|0|0|0|0|0|0||
|C100|1|0|12897|55|00|1|000023038|23111007324443000187550010000230381000230384|18102011|18102011|1354,34|1|||1354,34|1||||0|0||||8,80|40,63|||
|C190|060|5403||1354,34|0|0|0|0|0|0||
|C100|1|0|17700|55|00|1|000023039|23111007324443000187550010000230391000230390|18102011|18102011|947,51|1|||947,51|1||||0|0||||6,16|28,43|||
|C190|060|5403||947,51|0|0|0|0|0|0||
|C100|1|0|4952|55|00|1|000023040|23111007324443000187550010000230401000230404|19102011|19102011|513,73|1|||513,73|1||||0|0||||3,34|15,41|||
|C190|060|5403||513,73|0|0|0|0|0|0||
|C100|1|0|17707|55|00|1|000023041|23111007324443000187550010000230411000230410|19102011|19102011|380,06|1|||380,06|1||||0|0||||2,47|11,40|||
|C190|060|5403||380,06|0|0|0|0|0|0||
|C100|1|0|18141|55|00|1|000023042|23111007324443000187550010000230421000230425|19102011|19102011|164,74|1|||164,74|1||||0|0||||1,07|4,94|||
|C190|060|5403||164,74|0|0|0|0|0|0||
|C100|1|0|3770|55|00|1|000023043|23111007324443000187550010000230431000230430|19102011|19102011|2683,90|0|||2683,90|1||||0|0||||17,45|80,52|||
|C190|060|5403||2683,90|0|0|0|0|0|0||
|C100|1|0|17979|55|00|1|000023044|23111007324443000187550010000230441000230446|19102011|19102011|749,71|0|||749,71|1||||0|0||||4,87|22,49|||
|C190|060|5403||749,71|0|0|0|0|0|0||
|C100|1|0|4231|55|00|1|000023045|23111007324443000187550010000230451000230451|19102011|19102011|412,10|1|||412,10|1||||0|0||||2,68|12,36|||
|C190|060|5403||412,10|0|0|0|0|0|0||
|C100|1|0|12735|55|00|1|000023046|23111007324443000187550010000230461000230467|19102011|19102011|517,78|1|||517,78|1||||0|0||||3,37|15,53|||
|C190|060|5403||517,78|0|0|0|0|0|0||
|C100|1|0|200355|55|00|1|000023047|23111007324443000187550010000230471000230472|19102011|19102011|211,40|0|||211,40|1||||0|0||||1,37|6,34|||
|C190|060|5403||211,40|0|0|0|0|0|0||
|C100|1|0|200193|55|00|1|000023048|23111007324443000187550010000230481000230488|19102011|19102011|532,18|1|||532,18|1||||0|0||||3,46|15,97|||
|C190|060|5403||532,18|0|0|0|0|0|0||
|C100|1|0|200539|55|00|1|000023049|23111007324443000187550010000230491000230493|19102011|19102011|278,88|0|||278,88|1||||0|0||||1,81|8,37|||
|C190|060|5403||278,88|0|0|0|0|0|0||
|C100|1|0|200539|55|00|1|000023050|23111007324443000187550010000230501000230508|19102011|19102011|152,22|0|||152,22|1||||0|0||||0,99|4,57|||
|C190|060|5403||152,22|0|0|0|0|0|0||
|C100|1|0|4230|55|00|1|000023051|23111007324443000187550010000230511000230513|19102011|19102011|691,49|1|||691,49|1||||0|0||||4,49|20,74|||
|C190|060|5403||691,49|0|0|0|0|0|0||
|C100|1|0|18140|55|00|1|000023052|23111007324443000187550010000230521000230529|19102011|19102011|1275,36|0|||1275,36|1||||0|0||||8,29|38,26|||
|C190|060|5403||1275,36|0|0|0|0|0|0||
|C100|1|0|4167|55|00|1|000023053|23111007324443000187550010000230531000230534|19102011|19102011|3584,10|1|||3584,10|1||||0|0||||23,30|107,52|||
|C190|060|5403||3584,10|0|0|0|0|0|0||
|C100|1|0|4753|55|00|1|000023054|23111007324443000187550010000230541000230540|19102011|19102011|5857,21|1|||5857,21|1||||0|0||||38,07|175,72|||
|C190|060|5403||5857,21|0|0|0|0|0|0||
|C100|1|0|10946|55|00|1|000023055|23111007324443000187550010000230551000230555|19102011|19102011|183,06|1|||183,06|1||||0|0||||1,19|5,49|||
|C190|060|5403||183,06|0|0|0|0|0|0||
|C100|1|0|4999|55|00|1|000023056|23111007324443000187550010000230561000230560|19102011|19102011|492,34|1|||492,34|1||||0|0||||3,20|14,77|||
|C190|060|5403||492,34|0|0|0|0|0|0||
|C100|1|0|17073|55|00|1|000023057|23111007324443000187550010000230571000230576|19102011|19102011|1286,20|1|||1286,20|1||||0|0||||8,36|38,59|||
|C190|060|5403||1286,20|0|0|0|0|0|0||
|C100|1|0|11953|55|00|1|000023058|23111007324443000187550010000230581000230581|19102011|19102011|2646,80|1|||2646,80|1||||0|0||||17,20|79,40|||
|C190|060|5403||2646,80|0|0|0|0|0|0||
|C100|1|0|3766|55|00|1|000023059|23111007324443000187550010000230591000230597|19102011|19102011|313,92|1|||313,92|1||||0|0||||2,04|9,42|||
|C190|060|5403||313,92|0|0|0|0|0|0||
|C100|1|0|3762|55|00|1|000023060|23111007324443000187550010000230601000230601|19102011|19102011|76,45|0|||76,45|1||||0|0||||0,50|2,29|||
|C190|060|5403||76,45|0|0|0|0|0|0||
|C100|1|0|3762|55|00|1|000023061|23111007324443000187550010000230611000230617|19102011|19102011|1131,46|0|||1131,46|1||||0|0||||7,35|33,94|||
|C190|060|5403||1131,46|0|0|0|0|0|0||
|C100|1|0|4924|55|00|1|000023062|23111007324443000187550010000230621000230622|19102011|19102011|592,96|0|||592,96|1||||0|0||||3,85|17,79|||
|C190|060|5403||592,96|0|0|0|0|0|0||
|C100|1|0|4924|55|00|1|000023063|23111007324443000187550010000230631000230638|19102011|19102011|450,39|0|||450,39|1||||0|0||||2,93|13,51|||
|C190|060|5403||450,39|0|0|0|0|0|0||
|C100|1|0|13250|55|00|1|000023064|23111007324443000187550010000230641000230643|19102011|19102011|621,13|0|||621,13|1||||0|0||||4,04|18,63|||
|C190|060|5403||621,13|0|0|0|0|0|0||
|C100|1|0|11500|55|00|1|000023065|23111007324443000187550010000230651000230659|19102011|19102011|268,49|1|||268,49|1||||0|0||||1,75|8,05|||
|C190|060|5403||268,49|0|0|0|0|0|0||
|C100|1|0|10195|55|00|1|000023066|23111007324443000187550010000230661000230664|19102011|19102011|450,87|1|||450,87|1||||0|0||||2,93|13,53|||
|C190|060|5403||450,87|0|0|0|0|0|0||
|C100|1|0|2133|55|00|1|000023067|23111007324443000187550010000230671000230670|19102011|19102011|674,60|1|||674,60|1||||0|0||||4,38|20,24|||
|C190|060|5403||674,60|0|0|0|0|0|0||
|C100|1|0|10542|55|00|1|000023068|23111007324443000187550010000230681000230685|19102011|19102011|5220,21|1|||5220,21|1||||0|0||||33,93|156,61|||
|C190|060|5403||5220,21|0|0|0|0|0|0||
|C100|1|0|10567|55|00|1|000023069|23111007324443000187550010000230691000230690|19102011|19102011|3423,10|1|||3423,10|1||||0|0||||22,25|102,69|||
|C190|060|5403||3423,10|0|0|0|0|0|0||
|C100|1|0|3764|55|00|1|000023070|23111007324443000187550010000230701000230705|19102011|19102011|978,22|1|||978,22|1||||0|0||||6,36|29,35|||
|C190|060|5403||978,22|0|0|0|0|0|0||
|C100|1|0|4409|55|00|1|000023071|23111007324443000187550010000230711000230710|19102011|19102011|1564,34|1|||1564,34|1||||0|0||||10,17|46,93|||
|C190|060|5403||1564,34|0|0|0|0|0|0||
|C100|1|0|3743|55|00|1|000023072|23111007324443000187550010000230721000230726|19102011|19102011|404,94|1|||404,94|1||||0|0||||2,63|12,15|||
|C190|060|5403||404,94|0|0|0|0|0|0||
|C100|1|0|3743|55|00|1|000023073|23111007324443000187550010000230731000230731|19102011|19102011|3856,56|1|||3856,56|1||||0|0||||25,07|115,70|||
|C190|060|5403||3856,56|0|0|0|0|0|0||
|C100|1|0|12603|55|00|1|000023074|23111007324443000187550010000230741000230747|20102011|20102011|230,58|1|||230,58|1||||0|0||||1,50|6,92|||
|C190|060|5403||230,58|0|0|0|0|0|0||
|C100|1|0|4388|55|00|1|000023075|23111007324443000187550010000230751000230752|20102011|20102011|165,51|1|||165,51|1||||0|0||||1,08|4,97|||
|C190|060|5403||165,51|0|0|0|0|0|0||
|C100|1|0|4178|55|00|1|000023076|23111007324443000187550010000230761000230768|20102011|20102011|604,22|0|||604,22|1||||0|0||||3,93|18,13|||
|C190|060|5403||604,22|0|0|0|0|0|0||
|C100|1|0|12882|55|00|1|000023077|23111007324443000187550010000230771000230773|20102011|20102011|174,50|1|||174,50|1||||0|0||||1,13|5,24|||
|C190|060|5403||174,50|0|0|0|0|0|0||
|C100|1|0|12882|55|00|1|000023078|23111007324443000187550010000230781000230789|20102011|20102011|470,92|1|||470,92|1||||0|0||||3,06|14,13|||
|C190|060|5403||470,92|0|0|0|0|0|0||
|C100|1|0|3749|55|00|1|000023079|23111007324443000187550010000230791000230794|20102011|20102011|1688,57|1|||1688,57|1||||0|0||||10,98|50,66|||
|C190|060|5403||1688,57|0|0|0|0|0|0||
|C100|1|0|16925|55|00|1|000023080|23111007324443000187550010000230801000230809|20102011|20102011|550,90|1|||550,90|1||||0|0||||3,58|16,53|||
|C190|060|5403||550,90|0|0|0|0|0|0||
|C100|1|0|13247|55|00|1|000023081|23111007324443000187550010000230811000230814|20102011|20102011|492,42|0|||492,42|1||||0|0||||3,20|14,77|||
|C190|060|5403||492,42|0|0|0|0|0|0||
|C100|1|0|3749|55|00|1|000023082|23111007324443000187550010000230821000230820|20102011|20102011|1457,54|0|||1457,54|1||||0|0||||9,47|43,73|||
|C190|060|5403||1457,54|0|0|0|0|0|0||
|C100|1|0|100003897|55|00|1|000023083|23111007324443000187550010000230831000230835|20102011|20102011|394,67|0|||394,67|1||||0|0||||2,57|11,84|||
|C190|060|5403||394,67|0|0|0|0|0|0||
|C100|1|0|13565|55|00|1|000023084|23111007324443000187550010000230841000230840|20102011|20102011|1915,22|1|||1915,22|1||||0|0||||12,45|57,46|||
|C190|060|5403||1915,22|0|0|0|0|0|0||
|C100|1|0|3773|55|00|1|000023085|23111007324443000187550010000230851000230856|20102011|20102011|294,40|1|||294,40|1||||0|0||||1,91|8,83|||
|C190|060|5403||294,40|0|0|0|0|0|0||
|C100|1|0|17083|55|00|1|000023086|23111007324443000187550010000230861000230861|20102011|20102011|559,22|1|||559,22|1||||0|0||||3,63|16,78|||
|C190|060|5403||559,22|0|0|0|0|0|0||
|C100|1|0|3700|55|00|1|000023087|23111007324443000187550010000230871000230877|20102011|20102011|189,92|1|||189,92|1||||0|0||||1,23|5,70|||
|C190|060|5403||189,92|0|0|0|0|0|0||
|C100|1|0|4776|55|00|1|000023088|23111007324443000187550010000230881000230882|20102011|20102011|1436,71|1|||1436,71|1||||0|0||||9,34|43,10|||
|C190|060|5403||1436,71|0|0|0|0|0|0||
|C100|1|0|4369|55|00|1|000023089|23111007324443000187550010000230891000230898|20102011|20102011|1534,81|1|||1534,81|1||||0|0||||9,98|46,04|||
|C190|060|5403||1534,81|0|0|0|0|0|0||
|C100|1|0|800010392|55|00|1|000023090|23111007324443000187550010000230901000230902|20102011|20102011|1923,04|1|||1923,04|1||||0|0||||12,50|57,69|||
|C190|060|5403||1923,04|0|0|0|0|0|0||
|C100|1|0|3708|55|00|1|000023091|23111007324443000187550010000230911000230918|20102011|20102011|862,42|0|||862,42|1||||0|0||||5,61|25,87|||
|C190|060|5403||862,42|0|0|0|0|0|0||
|C100|1|0|8835|55|00|1|000023092|23111007324443000187550010000230921000230923|20102011|20102011|1509,71|1|||1509,71|1||||0|0||||9,81|45,29|||
|C190|060|5403||1509,71|0|0|0|0|0|0||
|C100|1|0|3738|55|00|1|000023093|23111007324443000187550010000230931000230939|20102011|20102011|786,50|1|||761,50|1|25,00|||0|0||||5,11|23,60|||
|C190|060|5403||786,50|0|0|0|0|0|0||
|C100|1|0|17872|55|00|1|000023094|23111007324443000187550010000230941000230944|20102011|20102011|281,84|1|||281,84|1||||0|0||||1,83|8,46|||
|C190|060|5403||281,84|0|0|0|0|0|0||
|C100|1|0|200216|55|00|1|000023095|23111007324443000187550010000230951000230950|20102011|20102011|590,76|0|||565,76|1|25,00|||0|0||||3,84|17,72|||
|C190|060|5403||590,76|0|0|0|0|0|0||
|C100|1|0|4315|55|00|1|000023096|23111007324443000187550010000230961000230965|20102011|20102011|955,02|1|||955,02|1||||0|0||||6,21|28,65|||
|C190|060|5403||955,02|0|0|0|0|0|0||
|C100|1|0|4897|55|00|1|000023097|23111007324443000187550010000230971000230970|20102011|20102011|476,32|1|3,98||480,30|1||||0|0||||3,12|14,41|||
|C190|060|5403||476,32|0|0|0|0|0|0||
|C100|1|0|200355|55|00|1|000023098|23111007324443000187550010000230981000230986|20102011|20102011|205,32|0|||205,32|1||||0|0||||1,33|6,16|||
|C190|060|5403||205,32|0|0|0|0|0|0||
|C100|1|0|5040|55|00|1|000023099|23111007324443000187550010000230991000230991|20102011|20102011|820,80|1|||820,80|1||||0|0||||5,34|24,62|||
|C190|060|5403||820,80|0|0|0|0|0|0||
|C100|1|0|5053|55|00|1|000023100|23111007324443000187550010000231001000231001|20102011|20102011|192,27|1|||192,27|1||||0|0||||1,25|5,77|||
|C190|060|5403||192,27|0|0|0|0|0|0||
|C100|1|0|200195|55|00|1|000023101|23111007324443000187550010000231011000231017|20102011|20102011|16947,96|0|||16947,96|1||||0|0||||110,16|508,44|||
|C190|060|5403||16947,96|0|0|0|0|0|0||
|C100|1|0|10925|55|00|1|000023102|23111007324443000187550010000231021000231022|20102011|20102011|286,00|1|||286,00|1||||0|0||||1,86|8,58|||
|C190|060|5403||286,00|0|0|0|0|0|0||
|C100|1|0|3094|55|00|1|000023103|23111007324443000187550010000231031000231038|20102011|20102011|3217,43|1|||3217,43|1||||0|0||||20,91|96,52|||
|C190|060|5403||3217,43|0|0|0|0|0|0||
|C100|1|0|4237|55|00|1|000023104|23111007324443000187550010000231041000231043|21102011|21102011|801,50|1|||801,50|1||||0|0||||5,21|24,05|||
|C190|060|5403||801,50|0|0|0|0|0|0||
|C100|1|0|13569|55|00|1|000023105|23111007324443000187550010000231051000231059|21102011|21102011|429,00|1|||429,00|1||||0|0||||2,79|12,87|||
|C190|060|5403||429,00|0|0|0|0|0|0||
|C100|1|0|4155|55|00|1|000023106|23111007324443000187550010000231061000231064|21102011|21102011|211,44|1|||211,44|1||||0|0||||1,37|6,34|||
|C190|060|5403||211,44|0|0|0|0|0|0||
|C100|1|0|3700|55|00|1|000023107|23111007324443000187550010000231071000231070|21102011|21102011|294,64|1|||294,64|1||||0|0||||1,92|8,84|||
|C190|060|5403||294,64|0|0|0|0|0|0||
|C100|1|0||55|02|1|000023108|23111007324443000187550010000231081000231085|||||||||||||||||||||
|C100|1|0|3734|55|00|1|000023109|23111007324443000187550010000231091000231090|21102011|21102011|808,35|1|||808,35|1||||0|0||||5,25|24,25|||
|C190|060|5403||808,35|0|0|0|0|0|0||
|C100|1|0|200355|55|00|1|000023110|23111007324443000187550010000231101000231105|21102011|21102011|201,55|0|||201,55|1||||0|0||||1,31|6,05|||
|C190|060|5403||201,55|0|0|0|0|0|0||
|C100|1|0|11062|55|00|1|000023111|23111007324443000187550010000231111000231110|21102011|21102011|1008,00|0|||1008,00|1||||0|0||||6,55|30,24|||
|C190|060|5403||1008,00|0|0|0|0|0|0||
|C100|1|0|17512|55|00|1|000023112|23111007324443000187550010000231121000231126|21102011|21102011|705,81|0|||705,81|1||||0|0||||4,59|21,17|||
|C190|060|5403||705,81|0|0|0|0|0|0||
|C100|1|0|12747|55|00|1|000023113|23111007324443000187550010000231131000231131|21102011|21102011|192,52|0|||192,52|1||||0|0||||1,25|5,78|||
|C190|060|5403||192,52|0|0|0|0|0|0||
|C100|1|0|17987|55|00|1|000023114|23111007324443000187550010000231141000231147|21102011|21102011|597,60|1|||597,60|1||||0|0||||3,88|17,93|||
|C190|060|5403||597,60|0|0|0|0|0|0||
|C100|1|0|12447|55|00|1|000023115|23111007324443000187550010000231151000231152|21102011|21102011|135,21|0|||135,21|1||||0|0||||0,88|4,06|||
|C190|060|5403||135,21|0|0|0|0|0|0||
|C100|1|0|11062|55|00|1|000023116|23111007324443000187550010000231161000231168|21102011|21102011|723,11|0|||723,11|1||||0|0||||4,70|21,69|||
|C190|060|5403||723,11|0|0|0|0|0|0||
|C100|1|0|11062|55|00|1|000023117|23111007324443000187550010000231171000231173|21102011|21102011|528,16|0|||528,16|1||||0|0||||3,43|15,84|||
|C190|060|5403||528,16|0|0|0|0|0|0||
|C100|1|0|18182|55|00|1|000023118|23111007324443000187550010000231181000231189|21102011|21102011|257,55|0|||257,55|1||||0|0||||1,67|7,73|||
|C190|060|5403||257,55|0|0|0|0|0|0||
|C100|1|0|10200059|55|00|1|000023119|23111007324443000187550010000231191000231194|21102011|21102011|1412,82|0|||1412,82|1||||0|0||||9,18|42,38|||
|C190|060|5403||1412,82|0|0|0|0|0|0||
|C100|1|0|17865|55|00|1|000023120|23111007324443000187550010000231201000231209|21102011|21102011|1477,28|0|||1477,28|1||||0|0||||9,60|44,32|||
|C190|060|5403||1477,28|0|0|0|0|0|0||
|C100|1|0|800010332|55|00|1|000023121|23111007324443000187550010000231211000231214|21102011|21102011|1425,41|1|||1425,41|1||||0|0||||9,27|42,76|||
|C190|060|5403||1425,41|0|0|0|0|0|0||
|C100|1|0|4133|55|00|1|000023122|23111007324443000187550010000231221000231220|21102011|21102011|1524,16|1|||1524,16|1||||0|0||||9,91|45,72|||
|C190|060|5403||1524,16|0|0|0|0|0|0||
|C100|1|0|10200059|55|00|1|000023123|23111007324443000187550010000231231000231235|21102011|21102011|19075,35|0|||19075,35|1||||0|0||||123,99|572,26|||
|C190|060|5403||19075,35|0|0|0|0|0|0||
|C100|1|0|3080|55|00|1|000023124|23111007324443000187550010000231241000231240|21102011|21102011|583,14|0|||583,14|1||||0|0||||3,79|17,49|||
|C190|060|5403||583,14|0|0|0|0|0|0||
|C100|1|0|4451|55|00|1|000023125|23111007324443000187550010000231251000231256|21102011|21102011|2445,52|1|||2445,52|1||||0|0||||15,90|73,37|||
|C190|060|6403||2445,52|0|0|0|0|0|0||
|C100|1|0|12610|55|00|1|000023126|23111007324443000187550010000231261000231261|21102011|21102011|978,45|0|||978,45|1||||0|0||||6,36|29,35|||
|C190|060|5403||978,45|0|0|0|0|0|0||
|C100|1|0|10382|55|00|1|000023127|23111007324443000187550010000231271000231277|21102011|21102011|1746,25|1|||1746,25|1||||0|0||||11,35|52,39|||
|C190|060|5403||1746,25|0|0|0|0|0|0||
|C100|1|0|200361|55|00|1|000023128|23111007324443000187550010000231281000231282|21102011|21102011|482,43|1|||482,43|1||||0|0||||3,14|14,47|||
|C190|060|5403||482,43|0|0|0|0|0|0||
|C100|1|0|4265|55|00|1|000023129|23111007324443000187550010000231291000231298|21102011|21102011|3985,36|1|||3985,36|1||||0|0||||25,90|119,56|||
|C190|060|5403||3985,36|0|0|0|0|0|0||
|C100|1|0|12597|55|00|1|000023130|23111007324443000187550010000231301000231302|21102011|21102011|144,64|1|||144,64|1||||0|0||||0,94|4,34|||
|C190|060|5403||144,64|0|0|0|0|0|0||
|C100|1|0|12597|55|00|1|000023131|23111007324443000187550010000231311000231318|21102011|21102011|1645,83|1|||1645,83|1||||0|0||||10,70|49,37|||
|C190|060|5403||1645,83|0|0|0|0|0|0||
|C100|1|0|10200060|55|00|1|000023132|23111007324443000187550010000231321000231323|21102011|21102011|992,61|1|||992,61|1||||0|0||||6,45|29,78|||
|C190|060|5403||992,61|0|0|0|0|0|0||
|C100|1|0|4241|55|00|1|000023133|23111007324443000187550010000231331000231339|21102011|21102011|371,69|1|||371,69|1||||0|0||||2,42|11,15|||
|C190|060|5403||371,69|0|0|0|0|0|0||
|C100|1|0|11808|55|00|1|000023134|23111007324443000187550010000231341000231344|21102011|21102011|240,22|0|||240,22|1||||0|0||||1,56|7,21|||
|C190|060|5403||240,22|0|0|0|0|0|0||
|C100|1|0|3821|55|00|1|000023135|23111007324443000187550010000231351000231350|21102011|21102011|155,75|0|||155,75|1||||0|0||||1,01|4,67|||
|C190|060|5403||155,75|0|0|0|0|0|0||
|C100|1|0|11684|55|00|1|000023136|23111007324443000187550010000231361000231365|21102011|21102011|354,85|1|||354,85|1||||0|0||||2,31|10,65|||
|C190|060|5403||354,85|0|0|0|0|0|0||
|C100|1|0|4178|55|00|1|000023137|23111007324443000187550010000231371000231370|21102011|21102011|898,44|0|||898,44|1||||0|0||||5,84|26,95|||
|C190|060|5403||898,44|0|0|0|0|0|0||
|C100|1|0|13400|55|00|1|000023138|23111007324443000187550010000231381000231386|21102011|21102011|508,88|1|||508,88|1||||0|0||||3,31|15,27|||
|C190|060|5403||508,88|0|0|0|0|0|0||
|C100|1|0|4203|55|00|1|000023139|23111007324443000187550010000231391000231391|21102011|21102011|6773,93|1|||6773,93|1||||0|0||||44,03|203,22|||
|C190|060|5403||6773,93|0|0|0|0|0|0||
|C100|1|0|17285|55|00|1|000023140|23111007324443000187550010000231401000231406|21102011|21102011|2651,66|1|||2651,66|1||||0|0||||17,24|79,55|||
|C190|060|5403||2651,66|0|0|0|0|0|0||
|C100|1|0|10200061|55|00|1|000023141|23111007324443000187550010000231411000231411|21102011|21102011|966,01|1|||966,01|1||||0|0||||6,28|28,98|||
|C190|060|5403||966,01|0|0|0|0|0|0||
|C100|1|0|13242|55|00|1|000023142|23111007324443000187550010000231421000231427|21102011|21102011|421,01|1|||421,01|1||||0|0||||2,74|12,63|||
|C190|060|5403||421,01|0|0|0|0|0|0||
|C100|1|0|17866|55|00|1|000023143|23111007324443000187550010000231431000231432|21102011|21102011|1527,78|1|||1527,78|1||||0|0||||9,93|45,83|||
|C190|060|5403||1527,78|0|0|0|0|0|0||
|C100|1|0|3698|55|00|1|000023144|23111007324443000187550010000231441000231448|21102011|21102011|1037,12|0|||1037,12|1||||0|0||||6,74|31,11|||
|C190|060|5403||1037,12|0|0|0|0|0|0||
|C100|1|0|3743|55|00|1|000023145|23111007324443000187550010000231451000231453|21102011|21102011|204,20|1|||204,20|1||||0|0||||1,33|6,13|||
|C190|060|5403||204,20|0|0|0|0|0|0||
|C100|1|0|10470|55|00|1|000023146|23111007324443000187550010000231461000231469|21102011|21102011|97,10|1|||97,10|1||||0|0||||0,63|2,91|||
|C190|060|5403||97,10|0|0|0|0|0|0||
|C100|1|0|4688|55|00|1|000023147|23111007324443000187550010000231471000231474|21102011|21102011|3690,38|0|||3690,38|1||||0|0||||23,99|110,71|||
|C190|060|5403||3690,38|0|0|0|0|0|0||
|C100|1|0|4668|55|00|1|000023148|23111007324443000187550010000231481000231480|21102011|21102011|539,16|1|||539,16|1||||0|0||||3,50|16,17|||
|C190|060|5403||539,16|0|0|0|0|0|0||
|C100|1|0|10200063|55|00|1|000023149|23111007324443000187550010000231491000231495|21102011|21102011|1098,27|0|||1098,27|1||||0|0||||7,14|32,95|||
|C190|060|5403||1098,27|0|0|0|0|0|0||
|C100|1|0|4688|55|00|1|000023150|23111007324443000187550010000231501000231500|21102011|21102011|600,08|0|||600,08|1||||0|0||||3,90|18,00|||
|C190|060|5403||600,08|0|0|0|0|0|0||
|C100|1|0|4999|55|00|1|000023151|23111007324443000187550010000231511000231515|25102011|25102011|918,48|1|||918,48|1||||0|0||||5,97|27,55|||
|C190|060|5403||918,48|0|0|0|0|0|0||
|C100|1|0|4613|55|00|1|000023152|23111007324443000187550010000231521000231520|25102011|25102011|612,32|1|||612,32|1||||0|0||||3,98|18,37|||
|C190|060|5403||612,32|0|0|0|0|0|0||
|C100|1|0|10940|55|00|1|000023153|23111007324443000187550010000231531000231536|25102011|25102011|1530,80|1|||1530,80|1||||0|0||||9,95|45,92|||
|C190|060|5403||1530,80|0|0|0|0|0|0||
|C100|1|0|13575|55|00|1|000023154|23111007324443000187550010000231541000231541|25102011|25102011|336,42|0|||336,42|1||||0|0||||2,19|10,09|||
|C190|060|5403||336,42|0|0|0|0|0|0||
|C100|1|0|17698|55|00|1|000023155|23111007324443000187550010000231551000231557|25102011|25102011|684,66|0|||684,66|1||||0|0||||4,45|20,54|||
|C190|060|5403||684,66|0|0|0|0|0|0||
|C100|1|0|4339|55|00|1|000023156|23111007324443000187550010000231561000231562|25102011|25102011|502,90|1|||502,90|1||||0|0||||3,27|15,09|||
|C190|060|5403||502,90|0|0|0|0|0|0||
|C100|1|0|4762|55|00|1|000023157|23111007324443000187550010000231571000231578|25102011|25102011|893,97|1|||893,97|1||||0|0||||5,81|26,82|||
|C190|060|5403||893,97|0|0|0|0|0|0||
|C100|1|0|12592|55|00|1|000023158|23111007324443000187550010000231581000231583|25102011|25102011|1499,91|1|||1499,91|1||||0|0||||9,75|45,00|||
|C190|060|5403||1499,91|0|0|0|0|0|0||
|C100|1|0|5034|55|00|1|000023159|23111007324443000187550010000231591000231599|25102011|25102011|187,42|0|||187,42|1||||0|0||||1,22|5,62|||
|C190|060|5403||187,42|0|0|0|0|0|0||
|C100|1|0|17705|55|00|1|000023160|23111007324443000187550010000231601000231603|25102011|25102011|180,51|1|||180,51|1||||0|0||||1,17|5,42|||
|C190|060|5403||180,51|0|0|0|0|0|0||
|C100|1|0|18004|55|00|1|000023161|23111007324443000187550010000231611000231619|25102011|25102011|240,32|0|||240,32|1||||0|0||||1,56|7,21|||
|C190|060|5403||240,32|0|0|0|0|0|0||
|C100|1|0|3821|55|00|1|000023162|23111007324443000187550010000231621000231624|25102011|25102011|298,17|1|||298,17|1||||0|0||||1,94|8,95|||
|C190|060|5403||298,17|0|0|0|0|0|0||
|C100|1|0|10948|55|00|1|000023163|23111007324443000187550010000231631000231630|25102011|25102011|793,10|0|||793,10|1||||0|0||||5,16|23,79|||
|C190|060|5403||793,10|0|0|0|0|0|0||
|C100|1|0|10200066|55|00|1|000023164|23111007324443000187550010000231641000231645|25102011|25102011|260,19|0|||260,19|1||||0|0||||1,69|7,81|||
|C190|060|5403||260,19|0|0|0|0|0|0||
|C100|1|0|17299|55|00|1|000023165|23111007324443000187550010000231651000231650|25102011|25102011|862,43|0|||862,43|1||||0|0||||5,61|25,87|||
|C190|060|5403||862,43|0|0|0|0|0|0||
|C100|1|0|4293|55|00|1|000023166|23111007324443000187550010000231661000231666|25102011|25102011|795,69|1|||795,69|1||||0|0||||5,17|23,87|||
|C190|060|5403||795,69|0|0|0|0|0|0||
|C100|1|0|10396|55|00|1|000023167|23111007324443000187550010000231671000231671|25102011|25102011|1186,10|1|||1186,10|1||||0|0||||7,71|35,58|||
|C190|060|5403||1186,10|0|0|0|0|0|0||
|C100|1|0|12747|55|00|1|000023168|23111007324443000187550010000231681000231687|25102011|25102011|204,45|0|||204,45|1||||0|0||||1,33|6,13|||
|C190|060|5403||204,45|0|0|0|0|0|0||
|C100|1|0|4153|55|00|1|000023169|23111007324443000187550010000231691000231692|25102011|25102011|301,53|0|||301,53|1||||0|0||||1,96|9,05|||
|C190|060|5403||301,53|0|0|0|0|0|0||
|C100|1|0|4736|55|00|1|000023170|23111007324443000187550010000231701000231707|25102011|25102011|1175,51|0|||1175,51|1||||0|0||||7,64|35,27|||
|C190|060|5403||1175,51|0|0|0|0|0|0||
|C100|1|0|5005|55|00|1|000023171|23111007324443000187550010000231711000231712|25102011|25102011|257,19|1|||257,19|1||||0|0||||1,67|7,72|||
|C190|060|5403||257,19|0|0|0|0|0|0||
|C100|1|0|4824|55|00|1|000023172|23111007324443000187550010000231721000231728|25102011|25102011|1876,80|1|||1876,80|1||||0|0||||12,20|56,30|||
|C190|060|5403||1876,80|0|0|0|0|0|0||
|C100|1|0|4265|55|00|1|000023173|23111007324443000187550010000231731000231733|25102011|25102011|800,61|1|||775,61|1|25,00|||0|0||||5,20|24,02|||
|C190|060|5403||800,61|0|0|0|0|0|0||
|C100|1|0|3741|55|00|1|000023174|23111007324443000187550010000231741000231749|25102011|25102011|445,27|0|||445,27|1||||0|0||||2,89|13,36|||
|C190|060|5403||445,27|0|0|0|0|0|0||
|C100|1|0|200392|55|00|1|000023175|23111007324443000187550010000231751000231754|25102011|25102011|2976,00|1|||2976,00|1||||0|0||||19,34|89,28|||
|C190|060|5403||2976,00|0|0|0|0|0|0||
|C100|1|0|4802|55|00|1|000023176|23111007324443000187550010000231761000231760|25102011|25102011|401,55|0|||401,55|1||||0|0||||2,61|12,05|||
|C190|060|5403||401,55|0|0|0|0|0|0||
|C100|1|0|3809|55|00|1|000023177|23111007324443000187550010000231771000231775|25102011|25102011|515,33|1|||515,33|1||||0|0||||3,35|15,46|||
|C190|060|5403||515,33|0|0|0|0|0|0||
|C100|1|0|12615|55|00|1|000023178|23111007324443000187550010000231781000231780|25102011|25102011|2444,79|0|||2444,79|1||||0|0||||15,89|73,34|||
|C190|060|5403||2444,79|0|0|0|0|0|0||
|C100|1|0|10200065|55|00|1|000023179|23111007324443000187550010000231791000231796|25102011|25102011|975,54|1|||975,54|1||||0|0||||6,34|29,27|||
|C190|060|5403||975,54|0|0|0|0|0|0||
|C100|1|0|11817|55|00|1|000023180|23111007324443000187550010000231801000231800|25102011|25102011|2052,48|1|||2052,48|1||||0|0||||13,34|61,57|||
|C190|060|6403||2052,48|0|0|0|0|0|0||
|C100|1|0|17079|55|00|1|000023181|23111007324443000187550010000231811000231816|25102011|25102011|1302,29|1|||1302,29|1||||0|0||||8,46|39,07|||
|C190|060|6403||1302,29|0|0|0|0|0|0||
|C100|1|0|10200055|55|00|1|000023182|23111007324443000187550010000231821000231821|25102011|25102011|1002,90|0|||1002,90|1||||0|0||||6,52|30,09|||
|C190|060|5403||1002,90|0|0|0|0|0|0||
|C100|1|0|18180|55|00|1|000023183|23111007324443000187550010000231831000231837|25102011|25102011|1581,41|1|||1581,41|1||||0|0||||10,28|47,44|||
|C190|060|5403||1581,41|0|0|0|0|0|0||
|C100|1|0|13735|55|00|1|000023184|23111007324443000187550010000231841000231842|25102011|25102011|882,52|1|||800,52|1|82,00|||0|0||||5,74|26,48|||
|C190|060|6403||882,52|0|0|0|0|0|0||
|C100|1|0|200390|55|00|1|000023185|23111007324443000187550010000231851000231858|25102011|25102011|847,92|1|||847,92|1||||0|0||||5,51|25,44|||
|C190|060|5403||847,92|0|0|0|0|0|0||
|C100|1|0|11203|55|00|1|000023186|23111007324443000187550010000231861000231863|20102011|20102011|2599,63|1|||2599,63|1||||0|0||||16,90|77,99|||
|C190|060|6403||2599,63|0|0|0|0|0|0||
|C100|1|0|5025|55|00|1|000023187|23111007324443000187550010000231871000231879|25102011|25102011|1049,76|1|||1049,76|1||||0|0||||6,82|31,49|||
|C190|060|5403||1049,76|0|0|0|0|0|0||
|C100|1|0|11684|55|00|1|000023188|23111007324443000187550010000231881000231884|25102011|25102011|201,36|1|||201,36|1||||0|0||||1,31|6,04|||
|C190|060|5403||201,36|0|0|0|0|0|0||
|C100|1|0|11684|55|00|1|000023189|23111007324443000187550010000231891000231890|25102011|25102011|752,19|1|||752,19|1||||0|0||||4,89|22,57|||
|C190|060|5403||752,19|0|0|0|0|0|0||
|C100|1|0|10948|55|00|1|000023190|23111007324443000187550010000231901000231904|26102011|26102011|34,70|0|||34,70|1||||0|0||||0,23|1,04|||
|C190|060|5403||34,70|0|0|0|0|0|0||
|C100|1|0|100003897|55|00|1|000023191|23111007324443000187550010000231911000231910|26102011|26102011|279,95|0|||279,95|1||||0|0||||1,82|8,40|||
|C190|060|5403||279,95|0|0|0|0|0|0||
|C100|1|0|13288|55|00|1|000023192|23111007324443000187550010000231921000231925|26102011|26102011|913,24|0|||913,24|1||||0|0||||5,94|27,40|||
|C190|060|5403||913,24|0|0|0|0|0|0||
|C100|1|0|4155|55|00|1|000023193|23111007324443000187550010000231931000231930|26102011|26102011|948,34|1|||948,34|1||||0|0||||6,16|28,45|||
|C190|060|5403||948,34|0|0|0|0|0|0||
|C100|1|0|16922|55|00|1|000023194|23111007324443000187550010000231941000231946|26102011|26102011|161,71|0|||161,71|1||||0|0||||1,05|4,85|||
|C190|060|5403||161,71|0|0|0|0|0|0||
|C100|1|0|200538|55|00|1|000023195|23111007324443000187550010000231951000231951|26102011|26102011|189,38|1|||189,38|1||||0|0||||1,23|5,68|||
|C190|060|5403||189,38|0|0|0|0|0|0||
|C100|1|0|10226|55|00|1|000023196|23111007324443000187550010000231961000231967|26102011|26102011|1370,40|1|||1370,40|1||||0|0||||8,91|41,11|||
|C190|060|5403||1370,40|0|0|0|0|0|0||
|C100|1|0|18186|55|00|1|000023197|23111007324443000187550010000231971000231972|26102011|26102011|385,59|0|||385,59|1||||0|0||||2,51|11,57|||
|C190|060|5403||385,59|0|0|0|0|0|0||
|C100|1|0|4178|55|00|1|000023198|23111007324443000187550010000231981000231988|26102011|26102011|321,97|0|||321,97|1||||0|0||||2,09|9,66|||
|C190|060|5403||321,97|0|0|0|0|0|0||
|C100|1|0|13889|55|00|1|000023199|23111007324443000187550010000231991000231993|26102011|26102011|483,15|1|||483,15|1||||0|0||||3,14|14,49|||
|C190|060|5403||483,15|0|0|0|0|0|0||
|C100|1|0|4305|55|00|1|000023200|23111007324443000187550010000232001000232003|26102011|26102011|1371,68|1|||1371,68|1||||0|0||||8,92|41,15|||
|C190|060|5403||1371,68|0|0|0|0|0|0||
|C100|1|0|17279|55|00|1|000023201|23111007324443000187550010000232011000232019|25102011|25102011|1821,00|1|||1821,00|1||||0|0||||11,84|54,63|||
|C190|060|5403||1821,00|0|0|0|0|0|0||
|C100|1|0|4986|55|00|1|000023202|23111007324443000187550010000232021000232024|26102011|26102011|15452,75|1|||15452,75|1||||0|0||||100,44|463,58|||
|C190|060|6403||15452,75|0|0|0|0|0|0||
|C100|1|0||55|02|1|000023203|23111007324443000187550010000232031000232030|||||||||||||||||||||
|C100|1|0||55|02|1|000023204|23111007324443000187550010000232041000232045|||||||||||||||||||||
|C100|1|0|2133|55|00|1|000023205|23111007324443000187550010000232051000232050|26102011|26102011|372,93|1|||372,93|1||||0|0||||2,42|11,19|||
|C190|060|5403||372,93|0|0|0|0|0|0||
|C100|1|0|16939|55|00|1|000023206|23111007324443000187550010000232061000232066|26102011|26102011|4027,20|1|||4027,20|1||||0|0||||26,18|120,82|||
|C190|060|5403||4027,20|0|0|0|0|0|0||
|C100|1|0|10200067|55|00|1|000023207|23111007324443000187550010000232071000232071|26102011|26102011|1528,87|1|||1528,87|1||||0|0||||9,94|45,87|||
|C190|060|5403||1528,87|0|0|0|0|0|0||
|C100|1|0|4924|55|00|1|000023208|23111007324443000187550010000232081000232087|26102011|26102011|985,75|0|||985,75|1||||0|0||||6,41|29,57|||
|C190|060|5403||985,75|0|0|0|0|0|0||
|C100|1|0|4265|55|00|1|000023209|23111007324443000187550010000232091000232092|26102011|26102011|1805,25|1|||1805,25|1||||0|0||||11,73|54,16|||
|C190|060|5403||1805,25|0|0|0|0|0|0||
|C100|1|0|3770|55|00|1|000023210|23111007324443000187550010000232101000232107|26102011|26102011|1130,08|0|||1130,08|1||||0|0||||7,35|33,90|||
|C190|060|5403||1130,08|0|0|0|0|0|0||
|C100|1|0|10285|55|00|1|000023211|23111007324443000187550010000232111000232112|26102011|26102011|673,64|0|||673,64|1||||0|0||||4,38|20,21|||
|C190|060|5403||673,64|0|0|0|0|0|0||
|C100|1|0|4231|55|00|1|000023212|23111007324443000187550010000232121000232128|26102011|26102011|371,01|1|||371,01|1||||0|0||||2,41|11,13|||
|C190|060|5403||371,01|0|0|0|0|0|0||
|C100|1|0|4887|55|00|1|000023213|23111007324443000187550010000232131000232133|26102011|26102011|436,32|0|||436,32|1||||0|0||||2,84|13,09|||
|C190|060|5403||436,32|0|0|0|0|0|0||
|C100|1|0|10200070|55|00|1|000023214|23111007324443000187550010000232141000232149|26102011|26102011|284,66|0|||284,66|1||||0|0||||1,85|8,54|||
|C190|060|6403||284,66|0|0|0|0|0|0||
|C100|1|0|5071|55|00|1|000023215|23111007324443000187550010000232151000232154|26102011|26102011|281,56|1|||281,56|1||||0|0||||1,83|8,45|||
|C190|060|5403||281,56|0|0|0|0|0|0||
|C100|1|0|17986|55|00|1|000023216|23111007324443000187550010000232161000232160|26102011|26102011|983,63|1|||983,63|1||||0|0||||6,39|29,51|||
|C190|060|5403||983,63|0|0|0|0|0|0||
|C100|1|0|10511|55|00|1|000023217|23111007324443000187550010000232171000232175|25102011|25102011|11,20|0|||11,20|1||||0|0||||0,07|0,34|||
|C190|060|5403||11,20|0|0|0|0|0|0||
|C100|1|0|3799|55|00|1|000023218|23111007324443000187550010000232181000232180|26102011|26102011|1026,66|1|||1026,66|1||||0|0||||6,67|30,80|||
|C190|060|5403||1026,66|0|0|0|0|0|0||
|C100|1|0|13237|55|00|1|000023219|23111007324443000187550010000232191000232196|26102011|26102011|972,86|1|||972,86|1||||0|0||||6,32|29,19|||
|C190|060|5403||972,86|0|0|0|0|0|0||
|C100|1|0|13251|55|00|1|000023220|23111007324443000187550010000232201000232200|26102011|26102011|2133,31|1|||2133,31|1||||0|0||||13,87|64,00|||
|C190|060|6403||2133,31|0|0|0|0|0|0||
|C100|1|0|4884|55|00|1|000023221|23111007324443000187550010000232211000232216|26102011|26102011|1028,01|1|||998,01|1|30,00|||0|0||||6,68|30,84|||
|C190|060|5403||1028,01|0|0|0|0|0|0||
|C100|1|0|10942|55|00|1|000023222|23111007324443000187550010000232221000232221|26102011|26102011|2843,52|1|||2843,52|1||||0|0||||18,48|85,31|||
|C190|060|5403||2843,52|0|0|0|0|0|0||
|C100|1|0|4825|55|00|1|000023223|23111007324443000187550010000232231000232237|26102011|26102011|3744,79|1|||3744,79|1||||0|0||||24,34|112,34|||
|C190|060|5403||3744,79|0|0|0|0|0|0||
|C100|1|0|11506|55|00|1|000023224|23111007324443000187550010000232241000232242|26102011|26102011|465,66|0|||465,66|1||||0|0||||3,03|13,97|||
|C190|060|5403||465,66|0|0|0|0|0|0||
|C100|1|0|17513|55|00|1|000023225|23111007324443000187550010000232251000232258|26102011|26102011|550,79|1|||550,79|1||||0|0||||3,58|16,52|||
|C190|060|5403||550,79|0|0|0|0|0|0||
|C100|1|0|5005|55|00|1|000023226|23111007324443000187550010000232261000232263|26102011|26102011|8,37|0|||8,37|1||||0|0||||0,05|0,25|||
|C190|060|5403||8,37|0|0|0|0|0|0||
|C100|1|0|13264|55|00|1|000023227|23111007324443000187550010000232271000232279|26102011|26102011|801,19|0|||801,19|1||||0|0||||5,21|24,04|||
|C190|060|5403||801,19|0|0|0|0|0|0||
|C100|1|0|4305|55|00|1|000023228|23111007324443000187550010000232281000232284|26102011|26102011|269,30|1|||269,30|1||||0|0||||1,75|8,08|||
|C190|060|5403||269,30|0|0|0|0|0|0||
|C100|1|0|10200047|55|00|1|000023229|23111007324443000187550010000232291000232290|27102011|27102011|425,53|1|||425,53|1||||0|0||||2,77|12,77|||
|C190|060|5403||425,53|0|0|0|0|0|0||
|C100|1|0|4722|55|00|1|000023230|23111007324443000187550010000232301000232304|27102011|27102011|531,24|1|||531,24|1||||0|0||||3,45|15,94|||
|C190|060|5403||531,24|0|0|0|0|0|0||
|C100|1|0|4907|55|00|1|000023231|23111007324443000187550010000232311000232310|27102011|27102011|145,95|0|||145,95|1||||0|0||||0,95|4,38|||
|C190|060|5403||145,95|0|0|0|0|0|0||
|C100|1|0|4907|55|00|1|000023232|23111007324443000187550010000232321000232325|27102011|27102011|382,31|0|||382,31|1||||0|0||||2,49|11,47|||
|C190|060|5403||382,31|0|0|0|0|0|0||
|C100|1|0|17879|55|00|1|000023233|23111007324443000187550010000232331000232330|27102011|27102011|202,98|0|||202,98|1||||0|0||||1,32|6,09|||
|C190|060|5403||202,98|0|0|0|0|0|0||
|C100|1|0|18141|55|00|1|000023234|23111007324443000187550010000232341000232346|27102011|27102011|549,82|1|||549,82|1||||0|0||||3,57|16,49|||
|C190|060|5403||549,82|0|0|0|0|0|0||
|C100|1|0|10393|55|00|1|000023235|23111007324443000187550010000232351000232351|27102011|27102011|556,87|0|||556,87|1||||0|0||||3,62|16,71|||
|C190|060|5403||556,87|0|0|0|0|0|0||
|C100|1|0|10396|55|00|1|000023236|23111007324443000187550010000232361000232367|27102011|27102011|385,11|1|||385,11|1||||0|0||||2,50|11,55|||
|C190|060|5403||385,11|0|0|0|0|0|0||
|C100|1|0|5040|55|00|1|000023237|23111007324443000187550010000232371000232372|27102011|27102011|437,85|1|||437,85|1||||0|0||||2,85|13,14|||
|C190|060|5403||437,85|0|0|0|0|0|0||
|C100|1|0|3700|55|00|1|000023238|23111007324443000187550010000232381000232388|27102011|27102011|302,12|1|||302,12|1||||0|0||||1,96|9,06|||
|C190|060|5403||302,12|0|0|0|0|0|0||
|C100|1|0|18005|55|00|1|000023239|23111007324443000187550010000232391000232393|27102011|27102011|6752,17|1|||6752,17|1||||0|0||||43,89|202,57|||
|C190|060|5403||6752,17|0|0|0|0|0|0||
|C100|1|0|3709|55|00|1|000023240|23111007324443000187550010000232401000232408|27102011|27102011|784,87|0|||784,87|1||||0|0||||5,10|23,55|||
|C190|060|5403||784,87|0|0|0|0|0|0||
|C100|1|0|3709|55|00|1|000023241|23111007324443000187550010000232411000232413|27102011|27102011|128,40|0|||128,40|1||||0|0||||0,83|3,85|||
|C190|060|5403||128,40|0|0|0|0|0|0||
|C100|1|0|4379|55|00|1|000023242|23111007324443000187550010000232421000232429|27102011|27102011|2638,75|1|||2638,75|1||||0|0||||17,15|79,16|||
|C190|060|5403||2638,75|0|0|0|0|0|0||
|C100|1|0|200364|55|00|1|000023243|23111007324443000187550010000232431000232434|27102011|27102011|907,72|0|||907,72|1||||0|0||||5,90|27,23|||
|C190|060|5403||907,72|0|0|0|0|0|0||
|C100|1|0|3705|55|00|1|000023244|23111007324443000187550010000232441000232440|27102011|27102011|1563,58|0|||1563,58|1||||0|0||||10,16|46,91|||
|C190|060|5403||1563,58|0|0|0|0|0|0||
|C100|1|0|4281|55|00|1|000023245|23111007324443000187550010000232451000232455|27102011|27102011|2078,00|1|||2078,00|1||||0|0||||13,51|62,34|||
|C190|060|5403||2078,00|0|0|0|0|0|0||
|C100|1|0|3707|55|00|1|000023246|23111007324443000187550010000232461000232460|27102011|27102011|1879,64|0|||1879,64|1||||0|0||||12,22|56,39|||
|C190|060|5403||1879,64|0|0|0|0|0|0||
|C100|1|0|1513|55|00|1|000023247|23111007324443000187550010000232471000232476|27102011|27102011|929,06|0|||929,06|1||||0|0||||6,04|27,87|||
|C190|060|5403||929,06|0|0|0|0|0|0||
|C100|1|0|3706|55|00|1|000023248|23111007324443000187550010000232481000232481|27102011|27102011|1868,58|0|||1868,58|1||||0|0||||12,15|56,06|||
|C190|060|5403||1868,58|0|0|0|0|0|0||
|C100|1|0|10289|55|00|1|000023249|23111007324443000187550010000232491000232497|27102011|27102011|1191,14|1|||1191,14|1||||0|0||||7,74|35,73|||
|C190|060|5403||1191,14|0|0|0|0|0|0||
|C100|1|0|4769|55|00|1|000023250|23111007324443000187550010000232501000232501|27102011|27102011|201,55|1|||201,55|1||||0|0||||1,31|6,05|||
|C190|060|5403||201,55|0|0|0|0|0|0||
|C100|1|0|4188|55|00|1|000023251|23111007324443000187550010000232511000232517|27102011|27102011|2726,52|1|||2726,52|1||||0|0||||17,72|81,80|||
|C190|060|5403||2726,52|0|0|0|0|0|0||
|C100|1|0|17705|55|00|1|000023252|23111007324443000187550010000232521000232522|27102011|27102011|178,42|1|||178,42|1||||0|0||||1,16|5,35|||
|C190|060|5403||178,42|0|0|0|0|0|0||
|C100|1|0|200364|55|00|1|000023253|23111007324443000187550010000232531000232538|27102011|27102011|214,24|0|||214,24|1||||0|0||||1,39|6,43|||
|C190|060|5403||214,24|0|0|0|0|0|0||
|C100|1|0|13053|55|00|1|000023254|23111007324443000187550010000232541000232543|27102011|27102011|1309,36|1|||1309,36|1||||0|0||||8,51|39,28|||
|C190|060|5403||1309,36|0|0|0|0|0|0||
|C100|1|0|17955|55|00|1|000023255|23111007324443000187550010000232551000232559|27102011|27102011|1252,23|1|||1252,23|1||||0|0||||8,14|37,57|||
|C190|060|5403||1252,23|0|0|0|0|0|0||
|C100|1|0|200542|55|00|1|000023256|23111007324443000187550010000232561000232564|27102011|27102011|2109,60|1|||2109,60|1||||0|0||||13,71|63,29|||
|C190|060|5403||2109,60|0|0|0|0|0|0||
|C100|1|0|18182|55|00|1|000023257|23111007324443000187550010000232571000232570|27102011|27102011|608,00|1|||608,00|1||||0|0||||3,95|18,24|||
|C190|060|5403||608,00|0|0|0|0|0|0||
|C100|1|0|2058|55|00|1|000023258|23111007324443000187550010000232581000232585|27102011|27102011|3039,08|1|||3039,08|1||||0|0||||19,75|91,17|||
|C190|060|5403||3039,08|0|0|0|0|0|0||
|C100|1|0|12004|55|00|1|000023259|23111007324443000187550010000232591000232590|27102011|27102011|842,56|1|||842,56|1||||0|0||||5,48|25,28|||
|C190|060|5403||842,56|0|0|0|0|0|0||
|C100|1|0|13880|55|00|1|000023260|23111007324443000187550010000232601000232605|27102011|27102011|1142,69|0|||1142,69|1||||0|0||||7,43|34,28|||
|C190|060|5403||1142,69|0|0|0|0|0|0||
|C100|1|0|5055|55|00|1|000023261|23111007324443000187550010000232611000232610|27102011|27102011|841,68|1|||841,68|1||||0|0||||5,47|25,25|||
|C190|060|5403||841,68|0|0|0|0|0|0||
|C100|1|0|3763|55|00|1|000023262|23111007324443000187550010000232621000232626|27102011|27102011|1575,28|1|||1575,28|1||||0|0||||10,24|47,26|||
|C190|060|5403||1575,28|0|0|0|0|0|0||
|C100|1|0|5072|55|00|1|000023263|23111007324443000187550010000232631000232631|27102011|27102011|4844,86|1|||4844,86|1||||0|0||||31,49|145,35|||
|C190|060|6403||4844,86|0|0|0|0|0|0||
|C100|1|0|13250|55|00|1|000023264|23111007324443000187550010000232641000232647|28102011|28102011|536,97|0|||536,97|1||||0|0||||3,49|16,11|||
|C190|060|5403||536,97|0|0|0|0|0|0||
|C100|1|0|3773|55|00|1|000023265|23111007324443000187550010000232651000232652|28102011|28102011|718,31|1|||718,31|1||||0|0||||4,67|21,55|||
|C190|060|5403||718,31|0|0|0|0|0|0||
|C100|1|0|4619|55|00|1|000023266|23111007324443000187550010000232661000232668|28102011|28102011|1828,66|1|||1828,66|1||||0|0||||11,89|54,86|||
|C190|060|5403||1828,66|0|0|0|0|0|0||
|C100|1|0|4693|55|00|1|000023267|23111007324443000187550010000232671000232673|28102011|28102011|202,07|1|||202,07|1||||0|0||||1,31|6,06|||
|C190|060|5403||202,07|0|0|0|0|0|0||
|C100|1|0|4952|55|00|1|000023268|23111007324443000187550010000232681000232689|28102011|28102011|1786,37|1|||1786,37|1||||0|0||||11,61|53,59|||
|C190|060|5403||1786,37|0|0|0|0|0|0||
|C100|1|0|4928|55|00|1|000023269|23111007324443000187550010000232691000232694|28102011|28102011|225,63|0|||225,63|1||||0|0||||1,47|6,77|||
|C190|060|5403||225,63|0|0|0|0|0|0||
|C100|1|0|10200072|55|00|1|000023270|23111007324443000187550010000232701000232709|28102011|28102011|674,56|0|||674,56|1||||0|0||||4,38|20,24|||
|C190|060|5403||674,56|0|0|0|0|0|0||
|C100|1|0|17279|55|00|1|000023271|23111007324443000187550010000232711000232714|28102011|28102011|1821,00|1|||1821,00|1||||0|0||||11,84|54,63|||
|C190|060|5403||1821,00|0|0|0|0|0|0||
|C100|1|0|3818|55|00|1|000023272|23111007324443000187550010000232721000232720|28102011|28102011|2567,89|1|||2567,89|1||||0|0||||16,69|77,04|||
|C190|060|5403||2567,89|0|0|0|0|0|0||
|C100|1|0|13715|55|00|1|000023273|23111007324443000187550010000232731000232735|28102011|28102011|572,00|1|||572,00|1||||0|0||||3,72|17,16|||
|C190|060|5403||572,00|0|0|0|0|0|0||
|C100|1|0|11499|55|00|1|000023274|23111007324443000187550010000232741000232740|28102011|28102011|2753,21|0|||2753,21|1||||0|0||||17,90|82,60|||
|C190|060|5403||2753,21|0|0|0|0|0|0||
|C100|1|0|17707|55|00|1|000023275|23111007324443000187550010000232751000232756|28102011|28102011|1248,37|1|||1248,37|1||||0|0||||8,11|37,45|||
|C190|060|5403||1248,37|0|0|0|0|0|0||
|C100|1|0|200186|55|00|1|000023276|23111007324443000187550010000232761000232761|28102011|28102011|923,82|0|||923,82|1||||0|0||||6,00|27,71|||
|C190|060|5403||923,82|0|0|0|0|0|0||
|C100|1|0|3783|55|00|1|000023277|23111007324443000187550010000232771000232777|28102011|28102011|574,03|1|||559,03|1|15,00|||0|0||||3,73|17,22|||
|C190|060|5403||574,03|0|0|0|0|0|0||
|C100|1|0|4319|55|00|1|000023278|23111007324443000187550010000232781000232782|28102011|28102011|1090,80|0|||1090,80|1||||0|0||||7,09|32,72|||
|C190|060|5403||1090,80|0|0|0|0|0|0||
|C100|1|0|13737|55|00|1|000023279|23111007324443000187550010000232791000232798|28102011|28102011|576,81|1|||576,81|1||||0|0||||3,75|17,30|||
|C190|060|5403||576,81|0|0|0|0|0|0||
|C100|1|0|10566|55|00|1|000023280|23111007324443000187550010000232801000232802|28102011|28102011|441,22|0|||441,22|1||||0|0||||2,87|13,24|||
|C190|060|5403||441,22|0|0|0|0|0|0||
|C100|1|0|11489|55|00|1|000023281|23111007324443000187550010000232811000232818|28102011|28102011|1323,02|0|||1323,02|1||||0|0||||8,60|39,69|||
|C190|060|5403||1323,02|0|0|0|0|0|0||
|C100|1|0|11338|55|00|1|000023282|23111007324443000187550010000232821000232823|28102011|28102011|2880,00|1|||2880,00|1||||0|0||||18,72|86,40|||
|C190|060|5403||2880,00|0|0|0|0|0|0||
|C100|1|0|200536|55|00|1|000023283|23111007324443000187550010000232831000232839|28102011|28102011|2793,28|1|||2793,28|1||||0|0||||18,16|83,80|||
|C190|060|5403||2793,28|0|0|0|0|0|0||
|C100|1|0|4715|55|00|1|000023284|23111007324443000187550010000232841000232844|28102011|28102011|1019,48|1|||1019,48|1||||0|0||||6,63|30,58|||
|C190|060|5403||1019,48|0|0|0|0|0|0||
|C100|1|0|4378|55|00|1|000023285|23111007324443000187550010000232851000232850|28102011|28102011|3473,81|1|||3473,81|1||||0|0||||22,58|104,21|||
|C190|060|5403||3473,81|0|0|0|0|0|0||
|C100|1|0|4535|55|00|1|000023286|23111007324443000187550010000232861000232865|28102011|28102011|125,96|1|||125,96|1||||0|0||||0,82|3,78|||
|C190|060|5403||125,96|0|0|0|0|0|0||
|C100|1|0|4535|55|00|1|000023287|23111007324443000187550010000232871000232870|28102011|28102011|1441,12|1|||1441,12|1||||0|0||||9,37|43,23|||
|C190|060|5403||1441,12|0|0|0|0|0|0||
|C100|1|0|13040|55|00|1|000023288|23111007324443000187550010000232881000232886|28102011|28102011|1084,86|0|||1084,86|1||||0|0||||7,05|32,55|||
|C190|060|6403||1084,86|0|0|0|0|0|0||
|C100|1|0|5053|55|00|1|000023289|23111007324443000187550010000232891000232891|28102011|28102011|356,34|1|||356,34|1||||0|0||||2,32|10,69|||
|C190|060|5403||356,34|0|0|0|0|0|0||
|C100|1|0|12603|55|00|1|000023290|23111007324443000187550010000232901000232906|28102011|28102011|346,55|1|||346,55|1||||0|0||||2,25|10,40|||
|C190|060|5403||346,55|0|0|0|0|0|0||
|C100|1|0|4946|55|00|1|000023291|23111007324443000187550010000232911000232911|28102011|28102011|4150,93|1|||4150,93|1||||0|0||||26,98|124,53|||
|C190|060|5403||4150,93|0|0|0|0|0|0||
|C100|1|0|3738|55|00|1|000023292|23111007324443000187550010000232921000232927|28102011|28102011|1675,45|1|||1675,45|1||||0|0||||10,89|50,26|||
|C190|060|5403||1675,45|0|0|0|0|0|0||
|C100|1|0|11503|55|00|1|000023293|23111007324443000187550010000232931000232932|28102011|28102011|816,89|1|||816,89|1||||0|0||||5,31|24,51|||
|C190|060|5403||816,89|0|0|0|0|0|0||
|C100|1|0|11503|55|00|1|000023294|23111007324443000187550010000232941000232948|28102011|28102011|145,95|1|||145,95|1||||0|0||||0,95|4,38|||
|C190|060|5403||145,95|0|0|0|0|0|0||
|C100|1|0|1040|55|00|1|000023295|23111007324443000187550010000232951000232953|28102011|28102011|1907,59|1|||1907,59|1||||0|0||||12,40|57,23|||
|C190|060|5403||1907,59|0|0|0|0|0|0||
|C100|1|0||55|02|1|000023296|23111007324443000187550010000232961000232969|||||||||||||||||||||
|C100|1|0|18260|55|00|1|000023297|23111007324443000187550010000232971000232974|28102011|28102011|291,20|1|||291,20|1||||0|0||||1,89|8,74|||
|C190|060|5403||291,20|0|0|0|0|0|0||
|C100|1|0|3052|55|00|1|000023298|23111007324443000187550010000232981000232980|28102011|28102011|590,87|1|||570,87|1|20,00|||0|0||||3,84|17,73|||
|C190|060|5403||590,87|0|0|0|0|0|0||
|C100|1|0|1536|55|00|1|000023299|23111007324443000187550010000232991000232995|28102011|28102011|1267,05|1|||1267,05|1||||0|0||||8,24|38,01|||
|C190|060|5403||1267,05|0|0|0|0|0|0||
|C100|1|0|10200063|55|00|1|000023300|23111007324443000187550010000233001000233005|28102011|28102011|371,24|0|||371,24|1||||0|0||||2,41|11,14|||
|C190|060|5403||371,24|0|0|0|0|0|0||
|C100|1|0|4201|55|00|1|000023301|23111007324443000187550010000233011000233010|28102011|28102011|522,20|1|||522,20|1||||0|0||||3,39|15,67|||
|C190|060|5403||522,20|0|0|0|0|0|0||
|C100|1|0|4388|55|00|1|000023302|23111007324443000187550010000233021000233026|28102011|28102011|839,74|1|||839,74|1||||0|0||||5,46|25,19|||
|C190|060|5403||839,74|0|0|0|0|0|0||
|C100|1|0|17982|55|00|1|000023303|23111007324443000187550010000233031000233031|28102011|28102011|752,03|1|||752,03|1||||0|0||||4,89|22,56|||
|C190|060|5403||752,03|0|0|0|0|0|0||
|C100|1|0|4688|55|00|1|000023304|23111007324443000187550010000233041000233047|28102011|28102011|2902,16|0|||2902,16|1||||0|0||||18,86|87,06|||
|C190|060|5403||2902,16|0|0|0|0|0|0||
|C100|1|0|3752|55|00|1|000023305|23111007324443000187550010000233051000233052|28102011|28102011|591,71|0|||591,71|1||||0|0||||3,85|17,75|||
|C190|060|5403||591,71|0|0|0|0|0|0||
|C100|1|0|4376|55|00|1|000023306|23111007324443000187550010000233061000233068|28102011|28102011|2408,81|0|||2408,81|1||||0|0||||15,66|72,26|||
|C190|060|5403||2408,81|0|0|0|0|0|0||
|C100|1|0|3770|55|00|1|000023307|23111007324443000187550010000233071000233073|31102011|31102011|1336,50|0|||1336,50|1||||0|0||||8,69|40,10|||
|C190|060|5403||1336,50|0|0|0|0|0|0||
|C100|1|0|18258|55|00|1|000023308|23111007324443000187550010000233081000233089|31102011|31102011|1596,03|1|||1596,03|1||||0|0||||10,37|47,88|||
|C190|060|5403||1596,03|0|0|0|0|0|0||
|C100|1|0|10514|55|00|1|000023309|23111007324443000187550010000233091000233094|31102011|31102011|683,60|0|||683,60|1||||0|0||||4,44|20,51|||
|C190|060|5403||683,60|0|0|0|0|0|0||
|C100|1|0|18260|55|00|1|000023310|23111007324443000187550010000233101000233109|31102011|31102011|495,00|1|||495,00|1||||0|0||||3,22|14,85|||
|C190|060|5403||495,00|0|0|0|0|0|0||
|C100|1|0|200176|55|00|1|000023311|23111007324443000187550010000233111000233114|31102011|31102011|1224,21|1|||1224,21|1||||0|0||||7,96|36,73|||
|C190|060|5403||1224,21|0|0|0|0|0|0||
|C100|1|0|3768|55|00|1|000023312|23111007324443000187550010000233121000233120|31102011|31102011|1464,82|1|||1464,82|1||||0|0||||9,52|43,94|||
|C190|060|5403||1464,82|0|0|0|0|0|0||
|C100|1|0|13064|55|00|1|000023313|23111007324443000187550010000233131000233135|31102011|31102011|2727,58|1|||2727,58|1||||0|0||||17,73|81,83|||
|C190|060|6403||2727,58|0|0|0|0|0|0||
|C100|1|0|10200062|55|00|1|000023314|23111007324443000187550010000233141000233140|31102011|31102011|1798,18|1|||1798,18|1||||0|0||||11,69|53,95|||
|C190|060|6403||1798,18|0|0|0|0|0|0||
|C100|1|0|11714|55|00|1|000023315|23111007324443000187550010000233151000233156|31102011|31102011|2399,60|1|||2399,60|1||||0|0||||15,60|71,99|||
|C190|060|5403||2399,60|0|0|0|0|0|0||
|C100|1|0|17700|55|00|1|000023316|23111007324443000187550010000233161000233161|31102011|31102011|1091,12|1|||1091,12|1||||0|0||||7,09|32,73|||
|C190|060|5403||1091,12|0|0|0|0|0|0||
|C100|1|0|17866|55|00|1|000023317|23111007324443000187550010000233171000233177|31102011|31102011|622,46|0|||602,46|1|20,00|||0|0||||4,05|18,67|||
|C190|060|5403||622,46|0|0|0|0|0|0||
|C100|1|0|17293|55|00|1|000023318|23111007324443000187550010000233181000233182|31102011|31102011|290,51|0|||290,51|1||||0|0||||1,89|8,72|||
|C190|060|5403||290,51|0|0|0|0|0|0||
|C100|1|0|4328|55|00|1|000023319|23111007324443000187550010000233191000233198|31102011|31102011|6823,32|1|||6823,32|1||||0|0||||44,35|204,70|||
|C190|060|5403||6823,32|0|0|0|0|0|0||
|C100|1|0|4241|55|00|1|000023320|23111007324443000187550010000233201000233202|31102011|31102011|291,90|0|||291,90|1||||0|0||||1,90|8,76|||
|C190|060|5403||291,90|0|0|0|0|0|0||
|C100|1|0|4241|55|00|1|000023321|23111007324443000187550010000233211000233218|31102011|31102011|100,60|0|||100,60|1||||0|0||||0,65|3,02|||
|C190|060|5403||100,60|0|0|0|0|0|0||
|C100|1|0|4339|55|00|1|000023322|23111007324443000187550010000233221000233223|31102011|31102011|1603,60|1|||1603,60|1||||0|0||||10,42|48,11|||
|C190|060|5403||1603,60|0|0|0|0|0|0||
|C100|1|0|17986|55|00|1|000023323|23111007324443000187550010000233231000233239|31102011|31102011|806,78|1|||806,78|1||||0|0||||5,24|24,20|||
|C190|060|5403||806,78|0|0|0|0|0|0||
|C100|1|0|18004|55|00|1|000023324|23111007324443000187550010000233241000233244|31102011|31102011|632,44|0|||632,44|1||||0|0||||4,11|18,97|||
|C190|060|5403||632,44|0|0|0|0|0|0||
|C100|1|0|3765|55|00|1|000023325|23111007324443000187550010000233251000233250|31102011|31102011|170,89|0|||170,89|1||||0|0||||1,11|5,13|||
|C190|060|5403||170,89|0|0|0|0|0|0||
|C100|1|0|4264|55|00|1|000023326|23111007324443000187550010000233261000233265|31102011|31102011|632,30|1|||632,30|1||||0|0||||4,11|18,97|||
|C190|060|5403||632,30|0|0|0|0|0|0||
|C100|1|0|10200073|55|00|1|000023327|23111007324443000187550010000233271000233270|31102011|31102011|1771,45|0|||1771,45|1||||0|0||||11,51|53,14|||
|C190|060|5403||1771,45|0|0|0|0|0|0||
|C100|1|0|8835|55|00|1|000023328|23111007324443000187550010000233281000233286|31102011|31102011|1372,12|1|||1372,12|1||||0|0||||8,92|41,16|||
|C190|060|5403||1372,12|0|0|0|0|0|0||
|C100|1|0|4363|55|00|1|000023329|23111007324443000187550010000233291000233291|31102011|31102011|2444,20|1|||2444,20|1||||0|0||||15,89|73,33|||
|C190|060|5403||2444,20|0|0|0|0|0|0||
|C100|1|0|3745|55|00|1|000023330|23111007324443000187550010000233301000233306|31102011|31102011|636,58|0|||636,58|1||||0|0||||4,14|19,10|||
|C190|060|5403||636,58|0|0|0|0|0|0||
|C100|1|0|17979|55|00|1|000023331|23111007324443000187550010000233311000233311|31102011|31102011|246,61|0|||246,61|1||||0|0||||1,60|7,40|||
|C190|060|5403||246,61|0|0|0|0|0|0||
|C100|1|0|200355|55|00|1|000023332|23111007324443000187550010000233321000233327|31102011|31102011|218,65|0|||218,65|1||||0|0||||1,42|6,56|||
|C190|060|5403||218,65|0|0|0|0|0|0||
|C100|1|0|13726|55|00|1|000023333|23111007324443000187550010000233331000233332|31102011|31102011|674,61|0|||654,61|1|20,00|||0|0||||4,39|20,24|||
|C190|060|5403||674,61|0|0|0|0|0|0||
|C100|1|0|18138|55|00|1|000023334|23111007324443000187550010000233341000233348|31102011|31102011|4750,62|1|||4750,62|1||||0|0||||30,88|142,52|||
|C190|060|5403||4750,62|0|0|0|0|0|0||
|C100|1|0|13575|55|00|1|000023335|23111007324443000187550010000233351000233353|31102011|31102011|433,22|0|||433,22|1||||0|0||||2,82|13,00|||
|C190|060|5403||433,22|0|0|0|0|0|0||
|C100|1|0|200362|55|00|1|000023336|23111007324443000187550010000233361000233369|31102011|31102011|1202,22|1|||1202,22|1||||0|0||||7,81|36,07|||
|C190|060|5403||1202,22|0|0|0|0|0|0||
|C100|1|0|4808|55|00|1|000023337|23111007324443000187550010000233371000233374|31102011|31102011|818,16|0|||818,16|1||||0|0||||5,32|24,54|||
|C190|060|5403||818,16|0|0|0|0|0|0||
|C100|1|0|10566|55|00|1|000023338|23111007324443000187550010000233381000233380|31102011|31102011|1172,50|0|||1172,50|1||||0|0||||7,62|35,18|||
|C190|060|5403||1172,50|0|0|0|0|0|0||
|C100|1|0|18131|55|00|1|000023339|23111007324443000187550010000233391000233395|31102011|31102011|237,60|1|||237,60|1||||0|0||||1,54|7,13|||
|C190|060|5403||237,60|0|0|0|0|0|0||
|C100|1|0|17888|55|00|1|000023340|23111007324443000187550010000233401000233400|31102011|31102011|420,40|1|||420,40|1||||0|0||||2,73|12,61|||
|C190|060|5403||420,40|0|0|0|0|0|0||
|C100|1|0|17956|55|00|1|000023341|23111007324443000187550010000233411000233415|31102011|31102011|3246,21|1|||3246,21|1||||0|0||||21,10|97,39|||
|C190|060|5403||3246,21|0|0|0|0|0|0||
|C100|1|0|4923|55|00|1|000023342|23111007324443000187550010000233421000233420|31102011|31102011|7706,78|1|||7706,78|1||||0|0||||50,09|231,20|||
|C190|060|5403||7706,78|0|0|0|0|0|0||
|C100|1|0|3698|55|00|1|000023343|23111007324443000187550010000233431000233436|31102011|31102011|2012,07|0|44,21||2056,28|1||||0|0||||13,37|61,69|||
|C190|060|5403||2012,07|0|0|0|0|0|0||
|C100|1|0|3034|55|00|1|000023344|23111007324443000187550010000233441000233441|31102011|31102011|1224,30|0|||1224,30|1||||0|0||||7,96|36,73|||
|C190|060|5403||1224,30|0|0|0|0|0|0||
|C100|1|0|4688|55|00|1|000023345|23111007324443000187550010000233451000233457|31102011|31102011|531,12|0|||531,12|1||||0|0||||3,45|15,93|||
|C190|060|5403||531,12|0|0|0|0|0|0||
|C100|1|0|11202|55|00|1|000023346|23111007324443000187550010000233461000233462|31102011|31102011|3049,15|1|||3049,15|1||||0|0||||19,82|91,47|||
|C190|060|6403||3049,15|0|0|0|0|0|0||
|C100|1|0|200538|55|00|1|000023347|23111007324443000187550010000233471000233478|31102011|31102011|822,13|1|0,01||822,14|1||||0|0||||5,34|24,66|||
|C190|060|5403||822,13|0|0|0|0|0|0||
|C100|1|0|10948|55|00|1|000023348|23111007324443000187550010000233481000233483|31102011|31102011|121,28|0|||121,28|1||||0|0||||0,79|3,64|||
|C190|060|5403||121,28|0|0|0|0|0|0||
|C100|1|0|17979|55|00|1|000023349|23111007324443000187550010000233491000233499|31102011|31102011|249,88|0|||249,88|1||||0|0||||1,62|7,50|||
|C190|060|5403||249,88|0|0|0|0|0|0||
|C100|1|0|17281|55|00|1|000023350|23111007324443000187550010000233501000233503|31102011|31102011|566,10|1|||566,10|1||||0|0||||3,68|16,98|||
|C190|060|5403||566,10|0|0|0|0|0|0||
|C100|1|0|10243|55|00|1|000023351|23111007324443000187550010000233511000233519|31102011|31102011|275,43|0|||275,43|1||||0|0||||1,79|8,26|||
|C190|060|5403||275,43|0|0|0|0|0|0||
|C100|1|0|10948|55|00|1|000023352|23111007324443000187550010000233521000233524|31102011|31102011|298,02|0|||298,02|1||||0|0||||1,94|8,94|||
|C190|060|5403||298,02|0|0|0|0|0|0||
|C100|1|0|4535|55|00|1|000023353|23111007324443000187550010000233531000233530|31102011|31102011|583,77|1|||558,77|1|25,00|||0|0||||3,79|17,51|||
|C190|060|5403||583,77|0|0|0|0|0|0||
|C100|1|0|3727|55|00|1|000023354|23111007324443000187550010000233541000233545|31102011|31102011|2198,82|1|||2198,82|1||||0|0||||14,29|65,96|||
|C190|060|5403||2198,82|0|0|0|0|0|0||
|C100|1|0|1000|55|00|1|000023355|23111007324443000187550010000233551000233550|31102011|31102011|3638,10|0|||3638,10|1||||0|0||||23,65|109,14|||
|C190|060|5403||3638,10|0|0|0|0|0|0||
|C100|0|1|4027|55|00|001|000001314|41110900549292000116550010000013141000013140|22092011|05102011|3845,20|1|||3845,20|1||||0|0||||||||
|C170|1|0000361020||300,00000|PC|714,00||0|030|2403|||||0||0||01||||||||||||||||||
|C170|2|0000380075||300,00000|PC|51,00||0|030|2403|||||0||0||01||||||||||||||||||
|C170|3|0000380160||1000,00000|PC|170,00||0|030|2403|||||0||0||01||||||||||||||||||
|C170|4|0000380705||300,00000|PC|237,00||0|030|2403|||||0||0||01||||||||||||||||||
|C170|5|0000446075||50,00000|PC|339,50||0|030|2403|||||0||0||01||||||||||||||||||
|C170|6|0000446104||30,00000|PC|203,70||0|030|2403|||||0||0||01||||||||||||||||||
|C170|7|0000470250||3000,00000|PC|2130,00||0|030|2403|||||0||0||01||||||||||||||||||
|C190|030|2403||3845,20|0|0|0|0|0|0||
|C100|0|1|4027|55|00|001|000001319|41110900549292000116550010000013191000013197|22092011|06102011|1378,27|1|||1378,27|1||||0|0||||||||
|C170|1|0000151204||2,00000|PC|86,68||0|030|2403|||||0||0||01||||||||||||||||||
|C170|2|0000151205||4,00000|PC|63,80||0|030|2403|||||0||0||01||||||||||||||||||
|C170|3|0000151206||4,00000|PC|63,80||0|030|2403|||||0||0||01||||||||||||||||||
|C170|4|0000151212||10,00000|PC|484,00||0|030|2403|||||0||0||01||||||||||||||||||
|C170|5|0000151225||4,00000|PC|53,68||0|030|2403|||||0||0||01||||||||||||||||||
|C170|6|0000151226||4,00000|PC|53,68||0|030|2403|||||0||0||01||||||||||||||||||
|C170|7|0000151231||4,00000|PC|53,68||0|030|2403|||||0||0||01||||||||||||||||||
|C170|8|0000151248||5,00000|PC|43,75||0|030|2403|||||0||0||01||||||||||||||||||
|C170|9|0000501012||2,00000|PC|79,20||0|030|2403|||||0||0||01||||||||||||||||||
|C170|10|0000501013||10,00000|PC|396,00||0|030|2403|||||0||0||01||||||||||||||||||
|C190|030|2403||1378,27|0|0|0|0|0|0||
|C100|0|1|4027|55|00|001|000001318|41110900549292000116550010000013181000013181|22092011|06102011|342,14|1|||342,14|1||||0|0||||||||
|C170|1|0000502415||20,00000|PC|158,00||0|030|2403|||||0||0||01||||||||||||||||||
|C170|2|0000502416||20,00000|PC|158,00||0|030|2403|||||0||0||01||||||||||||||||||
|C170|3|0000504020||2,00000|PC|16,46||0|030|2403|||||0||0||01||||||||||||||||||
|C170|4|0000586010||2,00000|PC|9,68||0|030|2403|||||0||0||01||||||||||||||||||
|C190|030|2403||342,14|0|0|0|0|0|0||
|C100|0|1|4027|55|00|001|000001315|41110900549292000116550010000013151000013155|22092011|06102011|21394,43|1|||21394,43|1||||0|0||||||||
|C170|1|0000107240||2,00000|PC|14,16||0|030|2403|||||0||0||01||||||||||||||||||
|C170|2|0000107260||10,00000|PC|70,80||0|030|2403|||||0||0||01||||||||||||||||||
|C170|3|0000107280||10,00000|PC|38,90||0|030|2403|||||0||0||01||||||||||||||||||
|C170|4|0000118015||20,00000|PC|225,00||0|030|2403|||||0||0||01||||||||||||||||||
|C170|5|0000118050||20,00000|PC|225,00||0|030|2403|||||0||0||01||||||||||||||||||
|C170|6|0000118358||2,00000|PC|17,30||0|030|2403|||||0||0||01||||||||||||||||||
|C170|7|0000118455||2,00000|PC|23,62||0|030|2403|||||0||0||01||||||||||||||||||
|C170|8|0000118471||50,00000|PC|590,50||0|030|2403|||||0||0||01||||||||||||||||||
|C170|9|0000118472||20,00000|PC|236,20||0|030|2403|||||0||0||01||||||||||||||||||
|C170|10|0000118910||5,00000|PC|56,25||0|030|2403|||||0||0||01||||||||||||||||||
|C170|11|0000125045||50,00000|PC|1298,00||0|030|2403|||||0||0||01||||||||||||||||||
|C170|12|0000125100||100,00000|PC|1124,00||0|030|2403|||||0||0||01||||||||||||||||||
|C170|13|0000125150||10,00000|PC|495,30||0|030|2403|||||0||0||01||||||||||||||||||
|C170|14|0000125200||500,00000|PC|6760,00||0|030|2403|||||0||0||01||||||||||||||||||
|C170|15|0000125210||500,00000|PC|7525,00||0|030|2403|||||0||0||01||||||||||||||||||
|C170|16|0000125220||50,00000|PC|770,00||0|030|2403|||||0||0||01||||||||||||||||||
|C170|17|0000125230||30,00000|PC|490,80||0|030|2403|||||0||0||01||||||||||||||||||
|C170|18|0000129151||2,00000|PC|107,38||0|030|2403|||||0||0||01||||||||||||||||||
|C170|19|0000129155||2,00000|PC|65,20||0|030|2403|||||0||0||01||||||||||||||||||
|C170|20|0000240100||50,00000|PC|281,50||0|030|2403|||||0||0||01||||||||||||||||||
|C170|21|0000240250||50,00000|PC|268,00||0|030|2403|||||0||0||01||||||||||||||||||
|C170|22|0000240260||30,00000|PC|160,80||0|030|2403|||||0||0||01||||||||||||||||||
|C170|23|0000240300||5,00000|PC|26,80||0|030|2403|||||0||0||01||||||||||||||||||
|C170|24|0000240301||4,00000|PC|12,44||0|030|2403|||||0||0||01||||||||||||||||||
|C170|25|0000325183||2,00000|PC|36,36||0|030|2403|||||0||0||01||||||||||||||||||
|C170|26|0000325184||2,00000|PC|36,36||0|030|2403|||||0||0||01||||||||||||||||||
|C170|27|0000325186||2,00000|PC|36,36||0|030|2403|||||0||0||01||||||||||||||||||
|C170|28|0000327087||30,00000|PC|116,70||0|030|2403|||||0||0||01||||||||||||||||||
|C170|29|0000999055||10,00000|PC|150,50||0|030|2403|||||0||0||01||||||||||||||||||
|C170|30|0000999056||10,00000|PC|135,20||0|030|2403|||||0||0||01||||||||||||||||||
|C190|030|2403||21394,43|0|0|0|0|0|0||
|C100|0|1|4070|55|00|001|000125882|41110904200198000108550010001258821001258821|26092011|06102011|4738,44|1|||4738,44|1||||0|0||||||||
|C170|1|0000223042||4,00000|PC|154,68||0|030|2403|||||0||0||01||||||||||||||||||
|C170|2|0000223044||10,00000|PC|316,80||0|030|2403|||||0||0||01||||||||||||||||||
|C170|3|0000223045||2,00000|PC|44,00||0|030|2403|||||0||0||01||||||||||||||||||
|C170|4|0000223054||2,00000|PC|63,36||0|030|2403|||||0||0||01||||||||||||||||||
|C170|5|0000223056||20,00000|PC|633,60||0|030|2403|||||0||0||01||||||||||||||||||
|C170|6|0000223058||6,00000|PC|190,08||0|030|2403|||||0||0||01||||||||||||||||||
|C170|7|0000223069||4,00000|PC|160,28||0|030|2403|||||0||0||01||||||||||||||||||
|C170|8|0000223076||10,00000|PC|400,70||0|030|2403|||||0||0||01||||||||||||||||||
|C170|9|0000223077||2,00000|PC|80,14||0|030|2403|||||0||0||01||||||||||||||||||
|C170|10|0000223079||4,00000|PC|160,28||0|030|2403|||||0||0||01||||||||||||||||||
|C170|11|0000223081||4,00000|PC|160,28||0|030|2403|||||0||0||01||||||||||||||||||
|C170|12|0000223082||10,00000|PC|400,70||0|030|2403|||||0||0||01||||||||||||||||||
|C170|13|0000223084||10,00000|PC|400,70||0|030|2403|||||0||0||01||||||||||||||||||
|C170|14|0000223087||10,00000|PC|400,70||0|030|2403|||||0||0||01||||||||||||||||||
|C170|15|0000223096||2,00000|PC|44,00||0|030|2403|||||0||0||01||||||||||||||||||
|C170|16|0000223097||6,00000|PC|132,00||0|030|2403|||||0||0||01||||||||||||||||||
|C170|17|0000223098||2,00000|PC|44,00||0|030|2403|||||0||0||01||||||||||||||||||
|C170|18|0000223101||2,00000|PC|80,14||0|030|2403|||||0||0||01||||||||||||||||||
|C170|19|0000223360||2,00000|PC|44,00||0|030|2403|||||0||0||01||||||||||||||||||
|C170|20|0000223365||2,00000|PC|44,00||0|030|2403|||||0||0||01||||||||||||||||||
|C170|21|0000223380||2,00000|PC|44,00||0|030|2403|||||0||0||01||||||||||||||||||
|C170|22|0000223480||6,00000|PC|132,00||0|030|2403|||||0||0||01||||||||||||||||||
|C170|23|0000223485||6,00000|PC|132,00||0|030|2403|||||0||0||01||||||||||||||||||
|C170|24|0000223581||2,00000|PC|56,00||0|030|2403|||||0||0||01||||||||||||||||||
|C170|25|0000223582||2,00000|PC|56,00||0|030|2403|||||0||0||01||||||||||||||||||
|C170|26|0000223583||2,00000|PC|56,00||0|030|2403|||||0||0||01||||||||||||||||||
|C170|27|0000223585||2,00000|PC|56,00||0|030|2403|||||0||0||01||||||||||||||||||
|C170|28|0000223586||5,00000|PC|140,00||0|030|2403|||||0||0||01||||||||||||||||||
|C170|29|0000223588||2,00000|PC|56,00||0|030|2403|||||0||0||01||||||||||||||||||
|C170|30|0000223589||2,00000|PC|56,00||0|030|2403|||||0||0||01||||||||||||||||||
|C190|030|2403||4738,44|0|0|0|0|0|0||
|C100|0|1|4070|55|00|001|000125883|41110904200198000108550010001258831001258837|26092011|06102011|30058,24|1|||30058,24|1||||0|0||||||||
|C170|1|0000223065||42,00000|PC|924,00||0|030|2403|||||0||0||01||||||||||||||||||
|C170|2|0000223070||2,00000|PC|44,00||0|030|2403|||||0||0||01||||||||||||||||||
|C170|3|0000223075||300,00000|PC|6600,00||0|030|2403|||||0||0||01||||||||||||||||||
|C170|4|0000223077||4,00000|PC|160,28||0|030|2403|||||0||0||01||||||||||||||||||
|C170|5|0000223080||20,00000|PC|440,00||0|030|2403|||||0||0||01||||||||||||||||||
|C170|6|0000223085||50,00000|PC|1100,00||0|030|2403|||||0||0||01||||||||||||||||||
|C170|7|0000223089||10,00000|PC|400,70||0|030|2403|||||0||0||01||||||||||||||||||
|C170|8|0000223090||10,00000|PC|220,00||0|030|2403|||||0||0||01||||||||||||||||||
|C170|9|0000223091||2,00000|PC|80,14||0|030|2403|||||0||0||01||||||||||||||||||
|C170|10|0000223093||4,00000|PC|160,28||0|030|2403|||||0||0||01||||||||||||||||||
|C170|11|0000223094||10,00000|PC|400,70||0|030|2403|||||0||0||01||||||||||||||||||
|C170|12|0000223095||300,00000|PC|6600,00||0|030|2403|||||0||0||01||||||||||||||||||
|C170|13|0000223100||10,00000|PC|220,00||0|030|2403|||||0||0||01||||||||||||||||||
|C170|14|0000223110||20,00000|PC|440,00||0|030|2403|||||0||0||01||||||||||||||||||
|C170|15|0000223115||100,00000|PC|2200,00||0|030|2403|||||0||0||01||||||||||||||||||
|C170|16|0000223120||100,00000|PC|2200,00||0|030|2403|||||0||0||01||||||||||||||||||
|C170|17|0000223125||100,00000|PC|2200,00||0|030|2403|||||0||0||01||||||||||||||||||
|C170|18|0000223130||150,00000|PC|3300,00||0|030|2403|||||0||0||01||||||||||||||||||
|C170|19|0000223250||4,00000|PC|88,00||0|030|2403|||||0||0||01||||||||||||||||||
|C170|20|0000223255||5,00000|PC|110,00||0|030|2403|||||0||0||01||||||||||||||||||
|C170|21|0000223265||5,00000|PC|110,00||0|030|2403|||||0||0||01||||||||||||||||||
|C170|22|0000223280||4,00000|PC|88,00||0|030|2403|||||0||0||01||||||||||||||||||
|C170|23|0000223420||10,00000|PC|220,00||0|030|2403|||||0||0||01||||||||||||||||||
|C170|24|0000223425||10,00000|PC|220,00||0|030|2403|||||0||0||01||||||||||||||||||
|C170|25|0000223435||20,00000|PC|440,00||0|030|2403|||||0||0||01||||||||||||||||||
|C170|26|0000223445||2,00000|PC|44,00||0|030|2403|||||0||0||01||||||||||||||||||
|C170|27|0000223450||20,00000|PC|440,00||0|030|2403|||||0||0||01||||||||||||||||||
|C170|28|0000223460||20,00000|PC|440,00||0|030|2403|||||0||0||01||||||||||||||||||
|C170|29|0000223520||4,00000|PC|88,00||0|030|2403|||||0||0||01||||||||||||||||||
|C170|30|0000223658||2,00000|PC|80,14||0|030|2403|||||0||0||01||||||||||||||||||
|C190|030|2403||30058,24|0|0|0|0|0|0||
|C100|0|1|4070|55|00|001|000125884|41110904200198000108550010001258841001258842|26092011|06102011|36089,20|1|||36089,20|1||||0|0||||||||
|C170|1|0000223000||40,00000|PC|944,00||0|030|2403|||||0||0||01||||||||||||||||||
|C170|2|0000223010||30,00000|PC|708,00||0|030|2403|||||0||0||01||||||||||||||||||
|C170|3|0000223015||30,00000|PC|708,00||0|030|2403|||||0||0||01||||||||||||||||||
|C170|4|0000223045||20,00000|PC|472,00||0|030|2403|||||0||0||01||||||||||||||||||
|C170|5|0000223050||200,00000|PC|4720,00||0|030|2403|||||0||0||01||||||||||||||||||
|C170|6|0000223315||300,00000|PC|6600,00||0|030|2403|||||0||0||01||||||||||||||||||
|C170|7|0000223320||300,00000|PC|6600,00||0|030|2403|||||0||0||01||||||||||||||||||
|C170|8|0000223325||300,00000|PC|6600,00||0|030|2403|||||0||0||01||||||||||||||||||
|C170|9|0000223330||300,00000|PC|6600,00||0|030|2403|||||0||0||01||||||||||||||||||
|C170|10|0000223455||5,00000|PC|110,00||0|030|2403|||||0||0||01||||||||||||||||||
|C170|11|0000223470||80,00000|PC|1760,00||0|030|2403|||||0||0||01||||||||||||||||||
|C170|12|0000223475||10,00000|PC|220,00||0|030|2403|||||0||0||01||||||||||||||||||
|C170|13|0000223510||2,00000|PC|47,20||0|030|2403|||||0||0||01||||||||||||||||||
|C190|030|2403||36089,20|0|0|0|0|0|0||
|C100|0|1|4070|55|00|001|000125880|41110904200198000108550010001258801001258800|26092011|16102011|2116,43|1|||2116,43|1||||0|0||||||||
|C170|1|0000151020||2,00000|PC|317,90||0|030|2403|||||0||0||01||||||||||||||||||
|C170|2|0000151030||1,00000|PC|158,95||0|030|2403|||||0||0||01||||||||||||||||||
|C170|3|0000151039||2,00000|PC|74,58||0|030|2403|||||0||0||01||||||||||||||||||
|C170|4|0000151045||2,00000|PC|74,58||0|030|2403|||||0||0||01||||||||||||||||||
|C170|5|0000151053||2,00000|PC|74,58||0|030|2403|||||0||0||01||||||||||||||||||
|C170|6|0000151055||2,00000|PC|74,58||0|030|2403|||||0||0||01||||||||||||||||||
|C170|7|0000151058||2,00000|PC|74,58||0|030|2403|||||0||0||01||||||||||||||||||
|C170|8|0000151102||4,00000|PC|55,00||0|030|2403|||||0||0||01||||||||||||||||||
|C170|9|0000151104||4,00000|PC|55,00||0|030|2403|||||0||0||01||||||||||||||||||
|C170|10|0000151105||4,00000|PC|55,00||0|030|2403|||||0||0||01||||||||||||||||||
|C170|11|0000151106||4,00000|PC|55,00||0|030|2403|||||0||0||01||||||||||||||||||
|C170|12|0000151107||2,00000|PC|27,50||0|030|2403|||||0||0||01||||||||||||||||||
|C170|13|0000151108||4,00000|PC|55,00||0|030|2403|||||0||0||01||||||||||||||||||
|C170|14|0000151109||4,00000|PC|55,00||0|030|2403|||||0||0||01||||||||||||||||||
|C170|15|0000151110||4,00000|PC|55,00||0|030|2403|||||0||0||01||||||||||||||||||
|C170|16|0000151111||4,00000|PC|55,00||0|030|2403|||||0||0||01||||||||||||||||||
|C170|17|0000151112||4,00000|PC|55,00||0|030|2403|||||0||0||01||||||||||||||||||
|C170|18|0000151113||4,00000|PC|55,00||0|030|2403|||||0||0||01||||||||||||||||||
|C170|19|0000151114||4,00000|PC|55,00||0|030|2403|||||0||0||01||||||||||||||||||
|C170|20|0000151118||4,00000|PC|55,00||0|030|2403|||||0||0||01||||||||||||||||||
|C170|21|0000151143||2,00000|PC|27,50||0|030|2403|||||0||0||01||||||||||||||||||
|C170|22|0000151145||4,00000|PC|58,32||0|030|2403|||||0||0||01||||||||||||||||||
|C170|23|0000151146||2,00000|PC|29,16||0|030|2403|||||0||0||01||||||||||||||||||
|C170|24|0000151177||4,00000|PC|72,60||0|030|2403|||||0||0||01||||||||||||||||||
|C170|25|0000151178||4,00000|PC|72,60||0|030|2403|||||0||0||01||||||||||||||||||
|C170|26|0000151179||10,00000|PC|99,00||0|030|2403|||||0||0||01||||||||||||||||||
|C170|27|0000151268||4,00000|PC|55,00||0|030|2403|||||0||0||01||||||||||||||||||
|C170|28|0000151269||4,00000|PC|55,00||0|030|2403|||||0||0||01||||||||||||||||||
|C170|29|0000151270||4,00000|PC|55,00||0|030|2403|||||0||0||01||||||||||||||||||
|C170|30|0000151271||4,00000|PC|55,00||0|030|2403|||||0||0||01||||||||||||||||||
|C190|030|2403||2116,43|0|0|0|0|0|0||
|C100|0|1|4070|55|00|001|000125878|41110904200198000108550010001258781001258780|26092011|06102011|138,00|0|||138,00|1||||0|0||||||||
|C170|1|0000223126||2,00000|UN|138,00||0|030|2403|||||0||0||01||||||||||||||||||
|C190|030|2403||138,00|0|0|0|0|0|0||
|C100|0|1|4070|55|00|001|000125881|41110904200198000108550010001258811001258816|26092011|07102011|508,68|1|||508,68|1||||0|0||||||||
|C170|1|0000151147||2,00000|PC|29,16||0|030|2403|||||0||0||01||||||||||||||||||
|C170|2|0000151148||2,00000|PC|29,16||0|030|2403|||||0||0||01||||||||||||||||||
|C170|3|0000151149||4,00000|PC|58,32||0|030|2403|||||0||0||01||||||||||||||||||
|C170|4|0000151152||4,00000|PC|58,32||0|030|2403|||||0||0||01||||||||||||||||||
|C170|5|0000151153||4,00000|PC|58,32||0|030|2403|||||0||0||01||||||||||||||||||
|C170|6|0000151154||2,00000|PC|29,16||0|030|2403|||||0||0||01||||||||||||||||||
|C170|7|0000151155||4,00000|PC|58,32||0|030|2403|||||0||0||01||||||||||||||||||
|C170|8|0000151156||4,00000|PC|58,32||0|030|2403|||||0||0||01||||||||||||||||||
|C170|9|0000151157||2,00000|PC|29,16||0|030|2403|||||0||0||01||||||||||||||||||
|C170|10|0000151158||2,00000|PC|29,16||0|030|2403|||||0||0||01||||||||||||||||||
|C170|11|0000151163||2,00000|PC|35,64||0|030|2403|||||0||0||01||||||||||||||||||
|C170|12|0000151169||2,00000|PC|35,64||0|030|2403|||||0||0||01||||||||||||||||||
|C190|030|2403||508,68|0|0|0|0|0|0||
|C100|0|1|4070|55|00|001|000125879|41110904200198000108550010001258791001258796|26092011|07102011|194,00|1|||194,00|1||||0|0||||||||
|C170|1|0000151171||100,00000|PC|194,00||0|030|2403|||||0||0||01||||||||||||||||||
|C190|030|2403||194,00|0|0|0|0|0|0||
|C100|0|1|4027|55|00|001|000001316|41110900549292000116550010000013161000013160|22092011|06102011|83510,54|1|||83510,54|1||||0|0||||||||
|C170|1|0000325006||4,00000|PC|126,40||0|030|2403|||||0||0||01||||||||||||||||||
|C170|2|0000325007||2,00000|PC|63,20||0|030|2403|||||0||0||01||||||||||||||||||
|C170|3|0000325009||4,00000|PC|126,40||0|030|2403|||||0||0||01||||||||||||||||||
|C170|4|0000325024||4,00000|PC|126,40||0|030|2403|||||0||0||01||||||||||||||||||
|C170|5|0000325032||30,00000|PC|1331,40||0|030|2403|||||0||0||01||||||||||||||||||
|C170|6|0000325033||2,00000|PC|88,76||0|030|2403|||||0||0||01||||||||||||||||||
|C170|7|0000325034||50,00000|PC|2219,00||0|030|2403|||||0||0||01||||||||||||||||||
|C170|8|0000325037||10,00000|PC|443,80||0|030|2403|||||0||0||01||||||||||||||||||
|C170|9|0000325051||4,00000|PC|126,40||0|030|2403|||||0||0||01||||||||||||||||||
|C170|10|0000325052||10,00000|PC|455,50||0|030|2403|||||0||0||01||||||||||||||||||
|C170|11|0000325055||1000,00000|PC|16520,00||0|030|2403|||||0||0||01||||||||||||||||||
|C170|12|0000325060||4,00000|PC|101,44||0|030|2403|||||0||0||01||||||||||||||||||
|C170|13|0000325061||20,00000|PC|887,60||0|030|2403|||||0||0||01||||||||||||||||||
|C170|14|0000325070||30,00000|PC|653,40||0|030|2403|||||0||0||01||||||||||||||||||
|C170|15|0000325075||10,00000|PC|455,50||0|030|2403|||||0||0||01||||||||||||||||||
|C170|16|0000325090||1000,00000|PC|21780,00||0|030|2403|||||0||0||01||||||||||||||||||
|C170|17|0000325095||200,00000|PC|4356,00||0|030|2403|||||0||0||01||||||||||||||||||
|C170|18|0000325155||300,00000|PC|3861,00||0|030|2403|||||0||0||01||||||||||||||||||
|C170|19|0000325165||70,00000|PC|2730,70||0|030|2403|||||0||0||01||||||||||||||||||
|C170|20|0000325187||2,00000|PC|36,36||0|030|2403|||||0||0||01||||||||||||||||||
|C170|21|0000325192||10,00000|PC|239,30||0|030|2403|||||0||0||01||||||||||||||||||
|C170|22|0000325200||300,00000|PC|6534,00||0|030|2403|||||0||0||01||||||||||||||||||
|C170|23|0000325370||300,00000|PC|6534,00||0|030|2403|||||0||0||01||||||||||||||||||
|C170|24|0000326000||10,00000|PC|257,10||0|030|2403|||||0||0||01||||||||||||||||||
|C170|25|0000326110||10,00000|PC|402,00||0|030|2403|||||0||0||01||||||||||||||||||
|C170|26|0000326675||400,00000|PC|8712,00||0|030|2403|||||0||0||01||||||||||||||||||
|C170|27|0000326685||100,00000|PC|3512,00||0|030|2403|||||0||0||01||||||||||||||||||
|C170|28|0000326775||2,00000|PC|81,38||0|030|2403|||||0||0||01||||||||||||||||||
|C170|29|0000326985||10,00000|PC|433,50||0|030|2403|||||0||0||01||||||||||||||||||
|C170|30|0000328320||10,00000|PC|316,00||0|030|2403|||||0||0||01||||||||||||||||||
|C190|030|2403||83510,54|0|0|0|0|0|0||
|C100|0|1|4027|55|00|001|000001317|41110900549292000116550010000013171000013176|22092011|07102011|14381,82|1|||14381,82|1||||0|0||||||||
|C170|1|0000325040||20,00000|PC|887,60||0|030|2403|||||0||0||01||||||||||||||||||
|C170|2|0000325042||5,00000|PC|221,90||0|030|2403|||||0||0||01||||||||||||||||||
|C170|3|0000325044||30,00000|PC|1331,40||0|030|2403|||||0||0||01||||||||||||||||||
|C170|4|0000325057||4,00000|PC|177,52||0|030|2403|||||0||0||01||||||||||||||||||
|C170|5|0000325080||100,00000|PC|2195,00||0|030|2403|||||0||0||01||||||||||||||||||
|C170|6|0000326075||10,00000|PC|402,00||0|030|2403|||||0||0||01||||||||||||||||||
|C170|7|0000358160||100,00000|PC|454,00||0|030|2403|||||0||0||01||||||||||||||||||
|C170|8|0000358175||4,00000|PC|19,96||0|030|2403|||||0||0||01||||||||||||||||||
|C170|9|0000358260||400,00000|PC|1656,00||0|030|2403|||||0||0||01||||||||||||||||||
|C170|10|0000358265||100,00000|PC|414,00||0|030|2403|||||0||0||01||||||||||||||||||
|C170|11|0000358415||20,00000|PC|99,80||0|030|2403|||||0||0||01||||||||||||||||||
|C170|12|0000358420||20,00000|PC|99,80||0|030|2403|||||0||0||01||||||||||||||||||
|C170|13|0000358425||100,00000|PC|432,00||0|030|2403|||||0||0||01||||||||||||||||||
|C170|14|0000358465||2,00000|PC|10,08||0|030|2403|||||0||0||01||||||||||||||||||
|C170|15|0000358480||4,00000|PC|19,96||0|030|2403|||||0||0||01||||||||||||||||||
|C170|16|0000362035||20,00000|PC|94,60||0|030|2403|||||0||0||01||||||||||||||||||
|C170|17|0000502030||10,00000|PC|73,30||0|030|2403|||||0||0||01||||||||||||||||||
|C170|18|0000502035||10,00000|PC|73,30||0|030|2403|||||0||0||01||||||||||||||||||
|C170|19|0000502345||50,00000|PC|532,00||0|030|2403|||||0||0||01||||||||||||||||||
|C170|20|0000502435||4,00000|PC|31,60||0|030|2403|||||0||0||01||||||||||||||||||
|C170|21|0000502464||200,00000|PC|2128,00||0|030|2403|||||0||0||01||||||||||||||||||
|C170|22|0000502466||50,00000|PC|395,00||0|030|2403|||||0||0||01||||||||||||||||||
|C170|23|0000502467||6,00000|PC|47,40||0|030|2403|||||0||0||01||||||||||||||||||
|C170|24|0000502468||50,00000|PC|395,00||0|030|2403|||||0||0||01||||||||||||||||||
|C170|25|0000502470||100,00000|PC|1064,00||0|030|2403|||||0||0||01||||||||||||||||||
|C170|26|0000502555||20,00000|PC|158,00||0|030|2403|||||0||0||01||||||||||||||||||
|C170|27|0000999057||2,00000|PC|178,80||0|030|2403|||||0||0||01||||||||||||||||||
|C170|28|0000999058||2,00000|PC|178,80||0|030|2403|||||0||0||01||||||||||||||||||
|C170|29|0000999059||10,00000|PC|79,00||0|030|2403|||||0||0||01||||||||||||||||||
|C170|30|0000999060||50,00000|PC|532,00||0|030|2403|||||0||0||01||||||||||||||||||
|C190|030|2403||14381,82|0|0|0|0|0|0||
|C100|0|1|99900070|55|00|1|000000699|35110910285259000180550010000006991836189271|27092011|07102011|2561,70|1|||2561,70|1||||0|0||||||||
|C170|1|0000999061||2000,00000|PC|560,00||0|030|2403|||||0||0||01||||||||||||||||||
|C170|2|0000999062||400,00000|PC|328,00||0|030|2403|||||0||0||01||||||||||||||||||
|C170|3|0000999063||500,00000|PC|300,00||0|030|2403|||||0||0||01||||||||||||||||||
|C170|4|0000999064||200,00000|PC|180,00||0|030|2403|||||0||0||01||||||||||||||||||
|C170|5|0000999065||200,00000|PC|240,00||0|030|2403|||||0||0||01||||||||||||||||||
|C170|6|0000999066||1000,00000|PC|150,00||0|030|2403|||||0||0||01||||||||||||||||||
|C170|7|0000999067||20,00000|PC|10,80||0|030|2403|||||0||0||01||||||||||||||||||
|C170|8|0000999068||20,00000|PC|17,40||0|030|2403|||||0||0||01||||||||||||||||||
|C170|9|0000999069||50,00000|PC|39,00||0|030|2403|||||0||0||01||||||||||||||||||
|C170|10|0000999070||20,00000|PC|18,00||0|030|2403|||||0||0||01||||||||||||||||||
|C170|11|0000999071||20,00000|PC|19,20||0|030|2403|||||0||0||01||||||||||||||||||
|C170|12|0000999072||350,00000|PC|252,00||0|030|2403|||||0||0||01||||||||||||||||||
|C170|13|0000999073||500,00000|PC|435,00||0|030|2403|||||0||0||01||||||||||||||||||
|C170|14|0000999074||10,00000|PC|9,00||0|030|2403|||||0||0||01||||||||||||||||||
|C170|15|0000999075||2,00000|PC|3,30||0|030|2403|||||0||0||01||||||||||||||||||
|C190|030|2403||2561,70|0|0|0|0|0|0||
|C100|0|1|200550|55|00|20|000009623|35110911953620000161550200000096231444882138|26092011|10102011|30344,13|1|0,04||27635,77|1||||0|0||||||||
|C170|1|0000222300||3,00000|PC|248,94||0|030|2403|||||0||0||01||||||||||||||||||
|C170|2|0000222301||3,00000|PC|248,94||0|030|2403|||||0||0||01||||||||||||||||||
|C170|3|0000222302||1,00000|PC|82,98||0|030|2403|||||0||0||01||||||||||||||||||
|C170|4|0000222303||2,00000|PC|165,96||0|030|2403|||||0||0||01||||||||||||||||||
|C170|5|0000222304||2,00000|PC|165,96||0|030|2403|||||0||0||01||||||||||||||||||
|C170|6|0000222305||1,00000|PC|82,98||0|030|2403|||||0||0||01||||||||||||||||||
|C170|7|0000222306||1,00000|PC|82,98||0|030|2403|||||0||0||01||||||||||||||||||
|C170|8|0000222307||3,00000|PC|248,94||0|030|2403|||||0||0||01||||||||||||||||||
|C170|9|0000222308||3,00000|PC|248,94||0|030|2403|||||0||0||01||||||||||||||||||
|C170|10|0000222309||5,00000|PC|453,60||0|030|2403|||||0||0||01||||||||||||||||||
|C170|11|0000222310||5,00000|PC|453,60||0|030|2403|||||0||0||01||||||||||||||||||
|C170|12|0000222311||4,00000|PC|206,24||0|030|2403|||||0||0||01||||||||||||||||||
|C170|13|0000222312||4,00000|PC|206,24||0|030|2403|||||0||0||01||||||||||||||||||
|C170|14|0000222313||4,00000|PC|206,24||0|030|2403|||||0||0||01||||||||||||||||||
|C170|15|0000222314||4,00000|PC|206,24||0|030|2403|||||0||0||01||||||||||||||||||
|C170|16|0000222315||5,00000|PC|453,60||0|030|2403|||||0||0||01||||||||||||||||||
|C170|17|0000222316||5,00000|PC|453,60||0|030|2403|||||0||0||01||||||||||||||||||
|C170|18|0000222317||4,00000|PC|206,24||0|030|2403|||||0||0||01||||||||||||||||||
|C170|19|0000222318||4,00000|PC|206,24||0|030|2403|||||0||0||01||||||||||||||||||
|C170|20|0000222319||4,00000|PC|206,24||0|030|2403|||||0||0||01||||||||||||||||||
|C170|21|0000222320||4,00000|PC|206,24||0|030|2403|||||0||0||01||||||||||||||||||
|C170|22|0000222321||4,00000|PC|206,24||0|030|2403|||||0||0||01||||||||||||||||||
|C170|23|0000222322||8,00000|PC|422,24||0|030|2403|||||0||0||01||||||||||||||||||
|C170|24|0000222323||8,00000|PC|422,24||0|030|2403|||||0||0||01||||||||||||||||||
|C170|25|0000222324||5,00000|PC|453,60||0|030|2403|||||0||0||01||||||||||||||||||
|C170|26|0000222325||5,00000|PC|453,60||0|030|2403|||||0||0||01||||||||||||||||||
|C170|27|0000222326||10,00000|PC|907,20||0|030|2403|||||0||0||01||||||||||||||||||
|C170|28|0000222327||10,00000|PC|907,20||0|030|2403|||||0||0||01||||||||||||||||||
|C170|29|0000222328||5,00000|PC|491,75||0|030|2403|||||0||0||01||||||||||||||||||
|C170|30|0000222329||5,00000|PC|491,75||0|030|2403|||||0||0||01||||||||||||||||||
|C170|31|0000222330||2,00000|PC|196,70||0|030|2403|||||0||0||01||||||||||||||||||
|C170|32|0000222331||6,00000|PC|590,10||0|030|2403|||||0||0||01||||||||||||||||||
|C170|33|0000222332||15,00000|PC|1475,25||0|030|2403|||||0||0||01||||||||||||||||||
|C170|34|0000222334||2,00000|PC|196,70||0|030|2403|||||0||0||01||||||||||||||||||
|C170|35|0000222335||20,00000|PC|1967,00||0|030|2403|||||0||0||01||||||||||||||||||
|C170|36|0000222337||5,00000|PC|260,25||0|030|2403|||||0||0||01||||||||||||||||||
|C170|37|0000222338||12,00000|PC|1180,20||0|030|2403|||||0||0||01||||||||||||||||||
|C170|38|0000222339||7,00000|PC|368,27||0|030|2403|||||0||0||01||||||||||||||||||
|C170|39|0000222340||4,00000|PC|206,24||0|030|2403|||||0||0||01||||||||||||||||||
|C170|40|0000222341||8,00000|PC|422,24||0|030|2403|||||0||0||01||||||||||||||||||
|C170|41|0000999077||4,00000|PC|216,00||0|030|2403|||||0||0||01||||||||||||||||||
|C170|42|0000999078||8,00000|PC|422,24||0|030|2403|||||0||0||01||||||||||||||||||
|C170|43|0000999079||5,00000|PC|453,60||0|030|2403|||||0||0||01||||||||||||||||||
|C170|44|0000999080||5,00000|PC|453,60||0|030|2403|||||0||0||01||||||||||||||||||
|C170|45|0000999081||7,00000|PC|688,45||0|030|2403|||||0||0||01||||||||||||||||||
|C170|46|0000999082||20,00000|PC|1967,00||0|030|2403|||||0||0||01||||||||||||||||||
|C170|47|0000999083||11,00000|PC|1081,85||0|030|2403|||||0||0||01||||||||||||||||||
|C170|48|0000999084||1,00000|PC|98,35||0|030|2403|||||0||0||01||||||||||||||||||
|C170|49|0000999085||20,00000|PC|1967,00||0|030|2403|||||0||0||01||||||||||||||||||
|C170|50|0000999086||20,00000|PC|1967,00||0|030|2403|||||0||0||01||||||||||||||||||
|C170|51|0000999087||15,00000|PC|1475,25||0|030|2403|||||0||0||01||||||||||||||||||
|C170|52|0000999089||2,00000|PC|185,72|0,04|0|030|2403|||||0||0||01||||||||||||||||||
|C190|030|2403||30344,13|0|0|0|0|0|0||
|C100|0|1|17892|55|00|1|000000256|52110908385910000141550010000002561033000004|20092011|10102011|975,00|1|||975,00|1||||0|0||||||||
|C170|1|0000310155||300,00000|PC|975,00||0|030|2403|||||0||0||01||||||||||||||||||
|C190|030|2403||975,00|0|0|0|0|0|0||
|C100|0|1|4086|55|00|1|000022707|35110904719725000195550010000227071004002052|29092011|13102011|15078,04|1|||11450,15|1|2,50|||0|0||||||||
|C170|1|0000331300||300,00000|PC|1353,00||0|030|2403|||||0||0||01||||||||||||||||||
|C170|2|0000331335||20,00000|PC|55,20||0|030|2403|||||0||0||01||||||||||||||||||
|C170|3|0000331355||100,00000|PC|462,00||0|030|2403|||||0||0||01||||||||||||||||||
|C170|4|0000331360||30,00000|PC|154,35||0|030|2403|||||0||0||01||||||||||||||||||
|C170|5|0000331370||300,00000|PC|1368,00||0|030|2403|||||0||0||01||||||||||||||||||
|C170|6|0000331385||100,00000|PC|577,50||0|030|2403|||||0||0||01||||||||||||||||||
|C170|7|0000331390||100,00000|PC|577,50||0|030|2403|||||0||0||01||||||||||||||||||
|C170|8|0000331402||100,00000|PC|451,50||0|030|2403|||||0||0||01||||||||||||||||||
|C170|9|0000331403||30,00000|PC|138,15||0|030|2403|||||0||0||01||||||||||||||||||
|C170|10|0000331404||500,00000|PC|2302,50||0|030|2403|||||0||0||01||||||||||||||||||
|C170|11|0000331406||200,00000|PC|909,00||0|030|2403|||||0||0||01||||||||||||||||||
|C170|12|0000331409||10,00000|PC|68,70||0|030|2403|||||0||0||01||||||||||||||||||
|C170|13|0000331411||10,00000|PC|68,70||0|030|2403|||||0||0||01||||||||||||||||||
|C170|14|0000331435||20,00000|PC|44,70||0|030|2403|||||0||0||01||||||||||||||||||
|C170|15|0000331440||10,00000|PC|22,95||0|030|2403|||||0||0||01||||||||||||||||||
|C170|16|0000331445||10,00000|PC|22,95||0|030|2403|||||0||0||01||||||||||||||||||
|C170|17|0000331490||100,00000|PC|345,00||0|030|2403|||||0||0||01||||||||||||||||||
|C170|18|0000331505||50,00000|PC|227,25||0|030|2403|||||0||0||01||||||||||||||||||
|C170|19|0000331550||200,00000|PC|1125,00||0|030|2403|||||0||0||01||||||||||||||||||
|C170|20|0000331600||200,00000|PC|1124,00||0|030|2403|||||0||0||01||||||||||||||||||
|C170|21|0000999124||10,00000|PC|52,20||0|030|2403|||||0||0||01||||||||||||||||||
|C190|030|2403||15078,04|0|0|0|0|0|0||
|C100|0|1|4070|55|00|001|000125877|41110904200198000108550010001258771001258775|26092011|11102011|7760,50|1|||7760,50|1||||0|0||||||||
|C170|1|0000635170||300,00000|PC|471,00||0|030|2403|||||0||0||01||||||||||||||||||
|C170|2|0000635175||3000,00000|PC|4710,00||0|030|2403|||||0||0||01||||||||||||||||||
|C170|3|0000635205||500,00000|KT|500,00||0|030|2403|||||0||0||01||||||||||||||||||
|C170|4|0000635265||400,00000|PC|960,00||0|030|2403|||||0||0||01||||||||||||||||||
|C170|5|0000635400||200,00000|PC|878,00||0|030|2403|||||0||0||01||||||||||||||||||
|C170|6|0000999116||50,00000|PC|241,50||0|030|2403|||||0||0||01||||||||||||||||||
|C190|030|2403||7760,50|0|0|0|0|0|0||
|C100|0|1|3692|55|00|1|000125647|35110949032337000170550000001256471001256474|30092011|13102011|2748,10|1|||1987,20|1||||0|0||||||||
|C170|1|0000080484||30,00000|PC|1987,20||0|030|2403|||||0||0||01||||||||||||||||||
|C190|030|2403||2748,10|0|0|0|0|0|0||
|C100|0|1|3692|55|00|1|000125648|35110949032337000170550000001256481001256480|30092011|13102011|5282,55|1|||3819,90|1||||0|0||||||||
|C170|1|0000080484||30,00000|PC|2046,60||0|030|2403|||||0||0||01||||||||||||||||||
|C170|2|00000080805||30,00000|PC|1773,30||0|030|2403|||||0||0||01||||||||||||||||||
|C190|030|2403||5282,55|0|0|0|0|0|0||
|C100|0|1|3692|55|00|1|000125649|35110949032337000170550000001256491001256495|30092011|13102011|2996,25|1|||2166,64|1||||0|0||||||||
|C170|1|0000080697||50,00000|PC|1916,00||0|030|2403|||||0||0||01||||||||||||||||||
|C170|2|00000080805||4,00000|PC|250,64||0|030|2403|||||0||0||01||||||||||||||||||
|C190|030|2403||2996,25|0|0|0|0|0|0||
|C100|0|1|3692|55|00|1|000125650|35110949032337000170550000001256501001256500|30092011|13102011|403,47|1|||291,76|1||||0|0||||||||
|C170|1|0000999118||2,00000|PC|291,76||0|030|2403|||||0||0||01||||||||||||||||||
|C190|030|2403||403,47|0|0|0|0|0|0||
|C100|0|1|3692|55|00|1|000125651|35110949032337000170550000001256511001256515|30092011|13102011|3458,52|1|||2507,84|1||||0|0||||||||
|C170|1|0000080640||40,00000|PC|341,20||0|030|2403|||||0||0||01||||||||||||||||||
|C170|2|0000080697||50,00000|PC|1916,00||0|030|2403|||||0||0||01||||||||||||||||||
|C170|3|00000080805||4,00000|PC|250,64||0|030|2403|||||0||0||01||||||||||||||||||
|C190|030|2403||3458,52|0|0|0|0|0|0||
|C100|0|1|3692|55|00|1|000125652|35110949032337000170550000001256521001256520|30092011|13102011|25877,18|1|||19100,00|1||||0|0||||||||
|C170|1|0000080545||1500,00000|PC|12120,00||0|030|2403|||||0||0||01||||||||||||||||||
|C170|2|0000080550||1000,00000|PC|6980,00||0|030|2403|||||0||0||01||||||||||||||||||
|C190|030|2403||25877,18|0|0|0|0|0|0||
|C100|0|1|800010212|55|00|1|000037180|35110953261244000194550010000371801370526818|29092011|14102011|10471,24|1|||7953,49|1||||0|0||||||||
|C170|1|0000293005||3,00000|PC|63,54||0|030|2403|||||0||0||01||||||||||||||||||
|C170|2|0000293010||3,00000|PC|87,84||0|030|2403|||||0||0||01||||||||||||||||||
|C170|3|0000293015||5,00000|PC|129,25||0|030|2403|||||0||0||01||||||||||||||||||
|C170|4|0000293185||3,00000|PC|118,38||0|030|2403|||||0||0||01||||||||||||||||||
|C170|5|0000293315||12,00000|PC|685,68||0|030|2403|||||0||0||01||||||||||||||||||
|C170|6|0000437040||1200,00000|PC|6528,00||0|030|2403|||||0||0||01||||||||||||||||||
|C170|7|0000437090||30,00000|PC|169,50||0|030|2403|||||0||0||01||||||||||||||||||
|C170|8|0000437401||30,00000|PC|171,30||0|030|2403|||||0||0||01||||||||||||||||||
|C190|030|2403||10471,24|0|0|0|0|0|0||
|C100|0|1|800010212|55|00|1|000037179|35110953261244000194550010000371791409630318|29092011|14102011|3557,78|1|||2702,34|1||||0|0||||||||
|C170|1|0000425010||20,00000|PC|110,00||0|030|2403|||||0||0||01||||||||||||||||||
|C170|2|0000425020||60,00000|PC|301,20||0|030|2403|||||0||0||01||||||||||||||||||
|C170|3|0000425040||10,00000|PC|68,80||0|030|2403|||||0||0||01||||||||||||||||||
|C170|4|0000425051||4,00000|PC|70,12||0|030|2403|||||0||0||01||||||||||||||||||
|C170|5|0000425052||4,00000|PC|70,12||0|030|2403|||||0||0||01||||||||||||||||||
|C170|6|0000437013||30,00000|PC|160,80||0|030|2403|||||0||0||01||||||||||||||||||
|C170|7|0000437014||10,00000|PC|53,70||0|030|2403|||||0||0||01||||||||||||||||||
|C170|8|0000437015||15,00000|PC|82,50||0|030|2403|||||0||0||01||||||||||||||||||
|C170|9|0000437030||30,00000|PC|173,40||0|030|2403|||||0||0||01||||||||||||||||||
|C170|10|0000437035||70,00000|PC|360,50||0|030|2403|||||0||0||01||||||360,50|0,65|||2,34||360,50|3,00|||10,82||
|C170|11|0000437060||10,00000|PC|65,30||0|030|2403|||||0||0||01||||||||||||||||||
|C170|12|0000437110||60,00000|PC|391,80||0|030|2403|||||0||0||01||||||||||||||||||
|C170|13|0000437305||90,00000|PC|630,90||0|030|2403|||||0||0||01||||||||||||||||||
|C170|14|0000437400||30,00000|PC|163,20||0|030|2403|||||0||0||01||||||||||||||||||
|C190|030|2403||3557,78|0|0|0|0|0|0||
|C100|0|1|11231|55|00|001|000006243|35110959660878000104550010000062431603742719|30092011|14102011|2380,50|1|||2070,00|1||||0|0||||||||
|C170|1|0000999119||30,00000|PC|2070,00||0|030|2556|||||0||0||01||||||||||||||||||
|C190|030|2556||2380,50|0|0|0|0|0|0||
|C100|0|1|800010257|55|00|001|000001895|35110902476701000127550010000018951000019009|26092011|10102011|3030,00|1|||3030,00|1||||0|0||||||||
|C170|1|0000315035||1000,00000|PC|2110,00||0|030|2403|||||0||0||01||||||||||||||||||
|C170|2|0000315105||1000,00000|PC|920,00||0|030|2403|||||0||0||01||||||||||||||||||
|C190|030|2403||3030,00|0|0|0|0|0|0||
|C100|0|1|17303|55|00|0|000001161|35110904378474000122550000000011611000011613|21092011|11102011|11304,55|1|||10274,80|1|2,06|||0|0||||||||
|C170|1|0000358001||20,00000|PC|438,20||0|030|2403|||||0||0||01||||||||||||||||||
|C170|2|0000358002||20,00000|PC|438,20||0|030|2403|||||0||0||01||||||||||||||||||
|C170|3|0000358003||20,00000|PC|438,20||0|030|2403|||||0||0||01||||||||||||||||||
|C170|4|0000358004||50,00000|PC|625,00||0|030|2403|||||0||0||01||||||||||||||||||
|C170|5|0000358005||30,00000|PC|375,00||0|030|2403|||||0||0||01||||||||||||||||||
|C170|6|0000358006||300,00000|PC|3750,00||0|030|2403|||||0||0||01||||||||||||||||||
|C170|7|0000358007||20,00000|PC|235,40||0|030|2403|||||0||0||01||||||||||||||||||
|C170|8|0000358009||100,00000|PC|1177,00||0|030|2403|||||0||0||01||||||||||||||||||
|C170|9|0000990001||50,00000|PC|84,50||0|030|2403|||||0||0||01||||||||||||||||||
|C170|10|0000999092||10,00000|PC|117,70||0|030|2403|||||0||0||01||||||||||||||||||
|C170|11|0000999093||10,00000|PC|117,70||0|030|2403|||||0||0||01||||||||||||||||||
|C170|12|0000999094||30,00000|PC|353,10||0|030|2403|||||0||0||01||||||||||||||||||
|C170|13|0000999095||30,00000|PC|375,00||0|030|2403|||||0||0||01||||||||||||||||||
|C170|14|0000999099||10,00000|PC|125,00||0|030|2403|||||0||0||01||||||||||||||||||
|C170|15|0000999100||10,00000|PC|125,00||0|030|2403|||||0||0||01||||||||||||||||||
|C170|16|0000999104||10,00000|PC|219,10||0|030|2403|||||0||0||01||||||||||||||||||
|C170|17|0000999106||50,00000|PC|85,50||0|030|2403|||||0||0||01||||||||||||||||||
|C170|18|0000999107||10,00000|PC|184,00||0|030|2403|||||0||0||01||||||||||||||||||
|C170|19|0000999108||5,00000|PC|91,90||0|030|2403|||||0||0||01||||||||||||||||||
|C170|20|0000999109||5,00000|PC|92,10||0|030|2403|||||0||0||01||||||||||||||||||
|C170|21|0000999110||10,00000|PC|138,00||0|030|2403|||||0||0||01||||||||||||||||||
|C170|22|0000999111||10,00000|PC|138,00||0|030|2403|||||0||0||01||||||||||||||||||
|C170|23|0000999112||10,00000|PC|138,00||0|030|2403|||||0||0||01||||||||||||||||||
|C170|24|0000999113||10,00000|PC|138,00||0|030|2403|||||0||0||01||||||||||||||||||
|C170|25|0000999114||10,00000|PC|137,40||0|030|2403|||||0||0||01||||||||||||||||||
|C170|26|0000999115||10,00000|PC|137,80||0|030|2403|||||0||0||01||||||||||||||||||
|C190|030|2403||11304,55|0|0|0|0|0|0||
|C100|0|1|800010221|55|00|6|000072840|35110933060716000133550060000728401232119803|30092011|17102011|5197,78|1|||3948,00|1||||0|0||||||||
|C170|1|0000430080||100,00000|PC|582,00||0|030|2403|||||0||0||01||||||||||||||||||
|C170|2|0000440025||510,00000|PC|3366,00||0|030|2403|||||0||0||01||||||||||||||||||
|C190|030|2403||5197,78|0|0|0|0|0|0||
|C100|0|1|800010221|55|00|6|000072841|35110933060716000133550060000728411987219680|30092011|17102011|1303,39|1|||990,00|1||||0|0||||||||
|C170|1|0000440025||150,00000|PC|990,00||0|030|2403|||||0||0||01||||||||||||||||||
|C190|030|2403||1303,39|0|0|0|0|0|0||
|C100|0|1|18148|55|00|1|000000914|33110911689659000113550010000009141000009140|28092011|17102011|715,46|0|||715,46|1||||0|0||||||||
|C170|1|0000245055||200,00000|PC|181,94||0|030|2403|||||0||0||01||||||||||||||||||
|C170|2|0000245060||20,00000|PC|18,19||0|030|2403|||||0||0||01||||||||||||||||||
|C170|3|0000245085||10,00000|PC|45,49||0|030|2403|||||0||0||01||||||||||||||||||
|C170|4|0000245125||10,00000|PC|40,29||0|030|2403|||||0||0||01||||||||||||||||||
|C170|5|0000245160||4,00000|PC|29,47||0|030|2403|||||0||0||01||||||||||||||||||
|C170|6|0000245180||10,00000|PC|41,59||0|030|2403|||||0||0||01||||||||||||||||||
|C170|7|0000245190||2,00000|PC|15,00||0|030|2403|||||0||0||01||||||||||||||||||
|C170|8|0000245270||10,00000|PC|13,39||0|030|2403|||||0||0||01||||||||||||||||||
|C170|9|0000245275||20,00000|PC|61,60||0|030|2403|||||0||0||01||||||||||||||||||
|C170|10|0000245305||10,00000|PC|37,69||0|030|2403|||||0||0||01||||||||||||||||||
|C170|11|0000359080||10,00000|PC|33,53||0|030|2403|||||0||0||01||||||||||||||||||
|C170|12|0000359090||10,00000|PC|33,53||0|030|2403|||||0||0||01||||||||||||||||||
|C170|13|0000359105||10,00000|PC|30,80||0|030|2403|||||0||0||01||||||||||||||||||
|C170|14|0000495015||20,00000|PC|32,23||0|030|2403|||||0||0||01||||||||||||||||||
|C170|15|0000590070||20,00000|PC|40,29||0|030|2403|||||0||0||01||||||||||||||||||
|C170|16|0000615025||50,00000|PC|60,43||0|030|2403|||||0||0||01||||||||||||||||||
|C190|030|2403||715,46|0|0|0|0|0|0||
|C100|0|1|11099|55|00|8|000096665|35111057576274000140550080000966651693955755|04102011|17102011|5930,96|1|||4822,30|1||||0|0||||||||
|C170|1|0000471445||40,00000|KT|860,00||0|030|2403|||||0||0||01||||||||||||||||||
|C170|2|0000624005||150,00000|PC|700,50||0|030|2403|||||0||0||01||||||||||||||||||
|C170|3|0000624010||100,00000|PC|717,00||0|030|2403|||||0||0||01||||||||||||||||||
|C170|4|0000624015||260,00000|PC|1518,40||0|030|2403|||||0||0||01||||||||||||||||||
|C170|5|0000624020||180,00000|PC|914,40||0|030|2403|||||0||0||01||||||||||||||||||
|C170|6|0000624100||10,00000|PC|45,90||0|030|2403|||||0||0||01||||||||||||||||||
|C170|7|0000624110||10,00000|PC|66,10||0|030|2403|||||0||0||01||||||||||||||||||
|C190|030|2403||5930,96|0|0|0|0|0|0||
|C100|0|1|4034|55|00|5|000012183|35111001174144000127550050000121831704282119|04102011|17102011|679,35|1|||552,36|1||||0|0||||||||
|C170|1|0000471415||2,00000|KT|48,52||0|030|2403|||||0||0||01||||||||||||||||||
|C170|2|0000471430||20,00000|KT|430,00||0|030|2403|||||0||0||01||||||||||||||||||
|C170|3|0000471580||2,00000|PC|73,84||0|030|2403|||||0||0||01||||||||||||||||||
|C190|030|2403||679,35|0|0|0|0|0|0||
|C100|0|1|4137|55|00|1|000022273|42110985139558000105550010000222731009662223|28092011|13102011|2278,26|1|||2098,52|1||||0|0||||||||
|C170|1|0000115050||300,00000|PC|72,75||0|030|2403|||||0||0||01||||||||||||||||||
|C170|2|0000160440||500,00000|PC|129,90||0|030|2403|||||0||0||01||||||||||||||||||
|C170|3|0000336150||10,00000|PC|82,03||0|030|2403|||||0||0||01||||||||||||||||||
|C170|4|0000336190||4,00000|PC|21,89||0|030|2403|||||0||0||01||||||||||||||||||
|C170|5|0000350005||1000,00000|PC|415,60||0|030|2403|||||0||0||01||||||||||||||||||
|C170|6|0000350360||200,00000|PC|202,04||0|030|2403|||||0||0||01||||||||||||||||||
|C170|7|0000365375||50,00000|PC|122,96||0|030|2403|||||0||0||01||||||||||||||||||
|C170|8|0000370470||100,00000|PC|208,39||0|030|2403|||||0||0||01||||||||||||||||||
|C170|9|0000370860||500,00000|PC|202,65||0|030|2403|||||0||0||01||||||||||||||||||
|C170|10|0000403060||300,00000|PC|348,09||0|030|2403|||||0||0||01||||||||||||||||||
|C170|11|0000555385||30,00000|PC|240,38||0|030|2403|||||0||0||01||||||||||||||||||
|C170|12|0000999117||20,00000|PC|51,84||0|030|2403|||||0||0||01||||||||||||||||||
|C190|030|2403||2278,26|0|0|0|0|0|0||
|C100|0|1|99900077|55|00|2|000001554|35110904761933000152550020000015541664859096|30092011|13102011|3813,70|1|||3813,70|1||||0|0||||||||
|C170|1|0000999133||100,00000|PC|886,00||0|030|2403|||||0||0||01||||||||||||||||||
|C170|2|0000999134||100,00000|PC|1665,00||0|030|2403|||||0||0||01||||||||||||||||||
|C170|3|0000999135||10,00000|PC|117,00||0|030|2403|||||0||0||01||||||||||||||||||
|C170|4|0000999136||10,00000|PC|242,10||0|030|2403|||||0||0||01||||||||||||||||||
|C170|5|0000999137||10,00000|PC|206,10||0|030|2403|||||0||0||01||||||||||||||||||
|C170|6|0000999138||10,00000|PC|76,50||0|030|2403|||||0||0||01||||||||||||||||||
|C170|7|0000999139||100,00000|PC|621,00||0|030|2403|||||0||0||01||||||||||||||||||
|C190|030|2403||3813,70|0|0|0|0|0|0||
|C100|0|1|99900077|55|00|2|000001553|35110904761933000152550020000015531274276234|30092011|13102011|4763,62|1|||4078,44|2||||0|0||||||||
|C170|1|0000999125||100,00000|PAR|1266,00||0|030|2403|||||0||0||01||||||||||||||||||
|C170|2|0000999126||49,00000|PAR|537,04||0|030|2403|||||0||0||01||||||||||||||||||
|C170|3|0000999127||50,00000|PAR|633,00||0|030|2403|||||0||0||01||||||||||||||||||
|C170|4|0000999128||100,00000|PAR|1011,00||0|030|2403|||||0||0||01||||||||||||||||||
|C170|5|0000999129||10,00000|PAR|124,10||0|030|2403|||||0||0||01||||||||||||||||||
|C170|6|0000999130||10,00000|PAR|169,10||0|030|2403|||||0||0||01||||||||||||||||||
|C170|7|0000999131||10,00000|PAR|169,10||0|030|2403|||||0||0||01||||||||||||||||||
|C170|8|0000999132||10,00000|PAR|169,10||0|030|2403|||||0||0||01||||||||||||||||||
|C190|030|2403||4763,62|0|0|0|0|0|0||
|C100|0|1|12002|55|00|1|000000160|35111038781266000191550010000001601934000019|04102011|14102011|1337,13|1|||1144,80|1||||0|0||||||||
|C170|1|0000320785||2000,00000|PC|560,00||0|030|2403|||||0||0||01||||||||||||||||||
|C170|2|0000320805||1000,00000|PC|280,00||0|030|2403|||||0||0||01||||||||||||||||||
|C170|3|0000397195||508,00000|PC|304,80||0|030|2403|||||0||0||01||||||||||||||||||
|C190|030|2403||1337,13|0|0|0|0|0|0||
|C100|0|1|3692|55|00|0|000127393|35111049032337000170550000001273931001273935|13102011|19102011|4586,09|1|||3385,00|1||||0|0||||||||
|C170|1|0000080600||500,00000|PC|3385,00||0|030|2403|||||0||0||01||||||||||||||||||
|C190|030|2403||4586,09|0|0|0|0|0|0||
|C100|0|1|3692|55|00|0|000127392|35111049032337000170550000001273921001273920|13102011|19102011|1001,50|1|||724,20|1||||0|0||||||||
|C170|1|0000080785||30,00000|PC|724,20||0|030|2403|||||0||0||01||||||||||||||||||
|C190|030|2403||1001,50|0|0|0|0|0|0||
|C100|0|1|17518|55|00|4|000002406|29111009003200000172550040000024061000025050|14102011|19102011|72748,69|1|||72748,69|1||||0|0||||||||
|C170|1|0000219025||30,00000|UN|1948,63||0|030|2403|||||0||0||01||||||||||||||||||
|C170|2|0000219030||201,00000|UN|13055,79||0|030|2403|||||0||0||01||||||||||||||||||
|C170|3|0000219035||100,00000|UN|6495,42||0|030|2403|||||0||0||01||||||||||||||||||
|C170|4|0000219045||200,00000|UN|12990,84||0|030|2403|||||0||0||01||||||||||||||||||
|C170|5|0000219050||51,00000|UN|3312,66||0|030|2403|||||0||0||01||||||||||||||||||
|C170|6|0000219075||21,00000|UN|1364,04||0|030|2403|||||0||0||01||||||||||||||||||
|C170|7|0000219080||20,00000|UN|1299,08||0|030|2403|||||0||0||01||||||||||||||||||
|C170|8|0000219085||5,00000|PC|324,77||0|030|2403|||||0||0||01||||||||||||||||||
|C170|9|0000219090||21,00000|PC|1364,04||0|030|2403|||||0||0||01||||||||||||||||||
|C170|10|0000219095||20,00000|PC|1299,08||0|030|2403|||||0||0||01||||||||||||||||||
|C170|11|0000219435||51,00000|PC|3312,66||0|030|2403|||||0||0||01||||||||||||||||||
|C170|12|0000219440||200,00000|PC|12990,84||0|030|2403|||||0||0||01||||||||||||||||||
|C170|13|0000219800||200,00000|PC|12990,84||0|030|2403|||||0||0||01||||||||||||||||||
|C190|030|2403||72748,69|0|0|0|0|0|0||
|C100|0|1|3692|55|00|0|000127389|35111049032337000170550000001273891001273894|13102011|19102011|7338,23|1|||5306,40|1||||0|0||||||||
|C170|1|0000080785||240,00000|PC|5306,40||0|030|2403|||||0||0||01||||||||||||||||||
|C190|030|2403||7338,23|0|0|0|0|0|0||
|C100|0|1|3692|55|00|0|000127390|35111049032337000170550000001273901001273909|13102011|19102011|1001,50|1|||724,20|1||||0|0||||||||
|C170|1|0000080785||30,00000|PC|724,20||0|030|2403|||||0||0||01||||||||||||||||||
|C190|030|2403||1001,50|0|0|0|0|0|0||
|C100|0|1|17518|55|00|4|000002405|29111009003200000172550040000024051000025045|14102011|19102011|5845,87|1|||5845,87|1||||0|0||||||||
|C170|1|0000219130||50,00000|PC|3247,71||0|030|2403|||||0||0||01||||||||||||||||||
|C170|2|0000219135||20,00000|UN|1299,08||0|030|2403|||||0||0||01||||||||||||||||||
|C170|3|0000219140||10,00000|UN|649,54||0|030|2403|||||0||0||01||||||||||||||||||
|C170|4|0000219635||10,00000|PC|649,54||0|030|2403|||||0||0||01||||||||||||||||||
|C190|030|2403||5845,87|0|0|0|0|0|0||
|C100|0|1|800010298|55|00|0|000011235|35111056650658000101550000000112351023310001|06102011|14102011|6236,79|1|||4737,04|1||||0|0||||||||
|C170|1|0000182001||10,00000|PC|26,60||0|030|2403|||||0||0||01||||||||||||||||||
|C170|2|0000182002||4,00000|PC|11,08||0|030|2403|||||0||0||01||||||||||||||||||
|C170|3|0000182003||20,00000|PC|56,00||0|030|2403|||||0||0||01||||||||||||||||||
|C170|4|0000182004||10,00000|PC|23,90||0|030|2403|||||0||0||01||||||||||||||||||
|C170|5|0000182006||20,00000|PC|61,80||0|030|2403|||||0||0||01||||||||||||||||||
|C170|6|0000182007||5,00000|PC|13,65||0|030|2403|||||0||0||01||||||||||||||||||
|C170|7|0000182008||15,00000|PC|48,30||0|030|2403|||||0||0||01||||||||||||||||||
|C170|8|0000182009||20,00000|PC|54,60||0|030|2403|||||0||0||01||||||||||||||||||
|C170|9|0000182010||90,00000|PC|324,00||0|030|2403|||||0||0||01||||||||||||||||||
|C170|10|0000182013||5,00000|PC|12,50||0|030|2403|||||0||0||01||||||||||||||||||
|C170|11|0000182016||4,00000|PC|10,12||0|030|2403|||||0||0||01||||||||||||||||||
|C170|12|0000182018||6,00000|PC|19,92||0|030|2403|||||0||0||01||||||||||||||||||
|C170|13|0000182021||3,00000|PC|8,46||0|030|2403|||||0||0||01||||||||||||||||||
|C170|14|0000182025||100,00000|PC|327,00||0|030|2403|||||0||0||01||||||||||||||||||
|C170|15|0000182032||4,00000|PC|13,96||0|030|2403|||||0||0||01||||||||||||||||||
|C170|16|0000182043||40,00000|PC|107,20||0|030|2403|||||0||0||01||||||||||||||||||
|C170|17|0000182044||10,00000|PC|30,60||0|030|2403|||||0||0||01||||||||||||||||||
|C170|18|0000182045||70,00000|PC|217,00||0|030|2403|||||0||0||01||||||||||||||||||
|C170|19|0000182064||4,00000|PC|14,00||0|030|2403|||||0||0||01||||||||||||||||||
|C170|20|0000182069||4,00000|PC|12,40||0|030|2403|||||0||0||01||||||||||||||||||
|C170|21|0000182071||5,00000|PC|11,50||0|030|2403|||||0||0||01||||||||||||||||||
|C170|22|0000182082||60,00000|PC|272,40||0|030|2403|||||0||0||01||||||||||||||||||
|C170|23|0000182085||8,00000|PC|29,92||0|030|2403|||||0||0||01||||||||||||||||||
|C170|24|0000182086||4,00000|PC|14,56||0|030|2403|||||0||0||01||||||||||||||||||
|C170|25|0000182088||30,00000|PC|118,20||0|030|2403|||||0||0||01||||||||||||||||||
|C170|26|0000182089||90,00000|PC|318,60||0|030|2403|||||0||0||01||||||||||||||||||
|C170|27|0000182091||180,00000|PC|637,20||0|030|2403|||||0||0||01||||||||||||||||||
|C170|28|0000182093||40,00000|PC|164,80||0|030|2403|||||0||0||01||||||||||||||||||
|C170|29|0000182097||5,00000|PC|17,95||0|030|2403|||||0||0||01||||||||||||||||||
|C170|30|0000182098||30,00000|PC|97,80||0|030|2403|||||0||0||01||||||||||||||||||
|C170|31|0000182101||10,00000|PC|35,00||0|030|2403|||||0||0||01||||||||||||||||||
|C170|32|0000182103||10,00000|PC|43,50||0|030|2403|||||0||0||01||||||||||||||||||
|C170|33|0000182108||25,00000|PC|86,00||0|030|2403|||||0||0||01||||||||||||||||||
|C170|34|0000182109||25,00000|PC|127,50||0|030|2403|||||0||0||01||||||||||||||||||
|C170|35|0000182112||5,00000|PC|17,45||0|030|2403|||||0||0||01||||||||||||||||||
|C170|36|0000182120||25,00000|PC|100,00||0|030|2403|||||0||0||01||||||||||||||||||
|C170|37|0000182135||10,00000|PC|30,80||0|030|2403|||||0||0||01||||||||||||||||||
|C170|38|0000182140||10,00000|PC|27,30||0|030|2403|||||0||0||01||||||||||||||||||
|C170|39|0000182145||60,00000|PC|171,60||0|030|2403|||||0||0||01||||||||||||||||||
|C170|40|0000182155||20,00000|PC|82,00||0|030|2403|||||0||0||01||||||||||||||||||
|C170|41|0000182160||30,00000|PC|120,30||0|030|2403|||||0||0||01||||||||||||||||||
|C170|42|0000182205||50,00000|PC|195,00||0|030|2403|||||0||0||01||||||||||||||||||
|C170|43|0000182210||25,00000|PC|78,50||0|030|2403|||||0||0||01||||||||||||||||||
|C170|44|0000182220||20,00000|PC|64,80||0|030|2403|||||0||0||01||||||||||||||||||
|C170|45|0000518104||5,00000|PC|35,25||0|030|2403|||||0||0||01||||||||||||||||||
|C170|46|0000518106||10,00000|PC|101,00||0|030|2403|||||0||0||01||||||||||||||||||
|C170|47|0000518111||10,00000|PC|81,50||0|030|2403|||||0||0||01||||||||||||||||||
|C170|48|0000518200||8,00000|PC|68,72||0|030|2403|||||0||0||01||||||||||||||||||
|C170|49|0000518220||10,00000|PC|108,90||0|030|2403|||||0||0||01||||||||||||||||||
|C170|50|0000518255||10,00000|PC|85,90||0|030|2403|||||0||0||01||||||||||||||||||
|C190|030|2403||6236,79|0|0|0|0|0|0||
|C100|0|1|3692|55|00|0|000127391|35111049032337000170550000001273911001273914|13102011|19102011|446,23|1|||322,68|1||||0|0||||||||
|C170|1|0000999140||4,00000|PC|322,68||0|030|2403|||||0||0||01||||||||||||||||||
|C190|030|2403||446,23|0|0|0|0|0|0||
|C100|0|1|11077|55|00|13|000009130|35110910219211000173550130000091301000091304|29092011|18102011|56059,76|1|||56059,76|1||||0|0||||||||
|C170|1|0000297015||600,00000|KT|8973,96||0|030|2403|||||0||0||01||||||||||||||||||
|C170|2|0000297025||50,00000|KT|794,89||0|030|2403|||||0||0||01||||||||||||||||||
|C170|3|0000297035||30,00000|PC|529,27||0|030|2403|||||0||0||01||||||||||||||||||
|C170|4|0000297040||20,00000|PC|323,88||0|030|2403|||||0||0||01||||||||||||||||||
|C170|5|0000297045||300,00000|KT|4858,26||0|030|2403|||||0||0||01||||||||||||||||||
|C170|6|0000297050||30,00000|KT|338,50||0|030|2403|||||0||0||01||||||||||||||||||
|C170|7|0000297065||5,00000|KT|88,21||0|030|2403|||||0||0||01||||||||||||||||||
|C170|8|0000297070||5,00000|PC|115,20||0|030|2403|||||0||0||01||||||||||||||||||
|C170|9|0000297200||300,00000|KT|4486,98||0|030|2403|||||0||0||01||||||||||||||||||
|C170|10|0000297205||20,00000|KT|460,81||0|030|2403|||||0||0||01||||||||||||||||||
|C170|11|0000372015||10,00000|KT|243,57||0|030|2403|||||0||0||01||||||||||||||||||
|C170|12|0000372025||200,00000|KT|4871,42||0|030|2403|||||0||0||01||||||||||||||||||
|C170|13|0000372030||30,00000|KT|730,71||0|030|2403|||||0||0||01||||||||||||||||||
|C170|14|0000372040||5,00000|KT|157,99||0|030|2403|||||0||0||01||||||||||||||||||
|C170|15|0000372050||30,00000|KT|691,22||0|030|2403|||||0||0||01||||||||||||||||||
|C170|16|0000372060||5,00000|KT|181,03||0|030|2403|||||0||0||01||||||||||||||||||
|C170|17|0000372080||10,00000|KT|362,06||0|030|2403|||||0||0||01||||||||||||||||||
|C170|18|0000372150||5,00000|KT|181,03||0|030|2403|||||0||0||01||||||||||||||||||
|C170|19|0000372175||30,00000|KT|1086,19||0|030|2403|||||0||0||01||||||||||||||||||
|C170|20|0000372190||50,00000|KT|747,83||0|030|2403|||||0||0||01||||||||||||||||||
|C170|21|0000372501||10,00000|KT|414,73||0|030|2403|||||0||0||01||||||||||||||||||
|C170|22|0000372503||150,00000|KT|3653,56||0|030|2403|||||0||0||01||||||||||||||||||
|C170|23|0000373025||600,00000|KT|8973,95||0|030|2403|||||0||0||01||||||||||||||||||
|C170|24|0000373030||60,00000|KT|897,39||0|030|2403|||||0||0||01||||||||||||||||||
|C170|25|0000373041||20,00000|KT|460,81||0|030|2403|||||0||0||01||||||||||||||||||
|C170|26|0000373195||100,00000|KT|3159,84||0|030|2403|||||0||0||01||||||||||||||||||
|C170|27|0000373205||50,00000|KT|1264,93||0|030|2403|||||0||0||01||||||||||||||||||
|C170|28|0000373230||100,00000|KT|2435,71||0|030|2403|||||0||0||01||||||||||||||||||
|C170|29|0000373250||5,00000|KT|121,79||0|030|2403|||||0||0||01||||||||||||||||||
|C170|30|0000465030||500,00000|PC|947,95||0|030|2403|||||0||0||01||||||||||||||||||
|C170|31|0000465230||100,00000|PC|362,07||0|030|2403|||||0||0||01||||||||||||||||||
|C170|32|0000466360||600,00000|PC|1248,12||0|030|2403|||||0||0||01||||||||||||||||||
|C170|33|0000466390||1000,00000|PC|1895,90||0|030|2403|||||0||0||01||||||||||||||||||
|C190|030|2403||56059,76|0|0|0|0|0|0||
|C100|0|1|800010282|55|00|3|000012411|42110901915661000100550030000124111717081540|29092011|13102011|5273,24|1|||4708,25|1||||0|0||||||||
|C170|1|0000140170||300,00000|PC|809,97||0|030|2403|||||0||0||01||||||||||||||||||
|C170|2|0000393005||50,00000|PC|47,00||0|030|2403|||||0||0||01||||||||||||||||||
|C170|3|0000393040||30,00000|PC|61,92||0|030|2403|||||0||0||01||||||||||||||||||
|C170|4|0000393060||50,00000|PC|58,05||0|030|2403|||||0||0||01||||||||||||||||||
|C170|5|0000397260||30,00000|PC|28,20||0|030|2403|||||0||0||01||||||||||||||||||
|C170|6|0000421500||100,00000|PC|675,00||0|030|2403|||||0||0||01||||||||||||||||||
|C170|7|0000515385||400,00000|PC|2123,12||0|030|2403|||||0||0||01||||||||||||||||||
|C170|8|0000596000||30,00000|PC|35,11||0|030|2403|||||0||0||01||||||||||||||||||
|C170|9|0000596030||200,00000|PC|869,88||0|030|2403|||||0||0||01||||||||||||||||||
|C190|030|2403||5273,24|0|0|0|0|0|0||
|C100|0|1|3432|55|00|1|000003554|23111007965203000161550010000035541000035546|26102011|27102011|2974,00|0|||2974,00|1||||0|0||||||||
|C170|1|0000287105||200,00000|PC|1474,00||0|030|1403|||||0||0||01||||||||||||||||||
|C170|2|0000287140||200,00000|PC|1500,00||0|030|1403|||||0||0||01||||||||||||||||||
|C190|030|1403||2974,00|0|0|0|0|0|0||
|C100|0|1|800010184|55|00|1|000002696|35111047669064000143550010000026961064270063|05102011|13102011|1060,77|1|||908,24|1||||0|0||||||||
|C170|1|0000137030||5,00000|PC|7,54||0|060|2403|||||0||0||01||||||||||||||||||
|C170|2|0000137060||20,00000|PC|29,80||0|060|2403|||||0||0||01||||||||||||||||||
|C170|3|0000156015||20,00000|PC|7,92||0|060|2403|||||0||0||01||||||||||||||||||
|C170|4|0000229700||8,00000|PC|64,66||0|060|2403|||||0||0||01||||||||||||||||||
|C170|5|0000229705||4,00000|PC|32,33||0|060|2403|||||0||0||01||||||||||||||||||
|C170|6|0000240270||60,00000|PC|591,06||0|060|2403|||||0||0||01||||||||||||||||||
|C170|7|0000305005||4,00000|PC|40,14||0|060|2403|||||0||0||01||||||||||||||||||
|C170|8|0000305155||4,00000|PC|55,70||0|060|2403|||||0||0||01||||||||||||||||||
|C170|9|0000480535||10,00000|PC|7,46||0|060|2403|||||0||0||01||||||||||||||||||
|C170|10|0000567765||4,00000|PC|19,74||0|060|2403|||||0||0||01||||||||||||||||||
|C170|11|0000567770||2,00000|PC|26,58||0|060|2403|||||0||0||01||||||||||||||||||
|C170|12|0000567771||2,00000|PC|23,70||0|060|2403|||||0||0||01||||||||||||||||||
|C170|13|0000615015||6,00000|PC|1,61||0|060|2403|||||0||0||01||||||||||||||||||
|C190|060|2403||1060,77|0|0|0|0|0|0||
|C100|0|1|2485|55|00|000|000140468|23111024073694000589550000001404681392344219|26102011|31102011|392,40|1|||392,40|1||||0|0||||||||
|C170|1|0000999207||1,00000|PC|392,40||0|041|1556|||||0||0||01||||||||||||||||||
|C190|041|1556||392,40|0|0|0|0|0|0||
|C100|0|1|2420|55|00|1|000108396|23111007342785000120550010001083961121027103|27102011|31102011|2052,00|1|||2052,00|1||||0|0||||||||
|C170|1|0000999119||1,00000|PC|2052,00||0|041|1551|||||0||0||01||||||||||||||||||
|C190|041|1551||2052,00|0|0|0|0|0|0||
|C100|0|1|3691|55|00|030|000071188|26111010918175000136550300000711881487097099|24102011|27102011|3731,08|1|||2822,47|1||||0|0||||||||
|C170|1|0000374050||600,00000|PC|2822,47||0|030|2403|||||0||0||01||||||||||||||||||
|C190|030|2403||3731,08|0|0|0|0|0|0||
|C100|0|1|12444|01|00|0|0001272||28102011|28102011|350,00|0|||350,00|1||||0|0||||||||
|C170|1|0000080890||1000,00000|PC|350,00||0|030|1403|||||0||0||01||||||||||||||||||
|C190|030|1403||350,00|0|0|0|0|0|0||
|C100|0|1|2607|01|00|1|0027697||03102011|03102011|10,50|0|||10,50|1||||0|0||||||||
|C170|1|0000999119||1,00000|PC|10,50||0|041|1556|||||0||0||01||||||||||||||||||
|C190|041|1556||10,50|0|0|0|0|0|0||
|C100|0|1|2607|01|00|1|0028452||05102011|05102011|14,00|0|||14,00|1||||0|0||||||||
|C170|1|0000999119||1,00000|PC|14,00||0|041|1556|||||0||0||01||||||||||||||||||
|C190|041|1556||14,00|0|0|0|0|0|0||
|C100|0|1|2607|01|00|1|0028480||07102011|07102011|24,50|0|||24,50|1||||0|0||||||||
|C170|1|0000999119||1,00000|PC|24,50||0|041|1556|||||0||0||01||||||||||||||||||
|C190|041|1556||24,50|0|0|0|0|0|0||
|C100|0|1|2607|01|00|1|0029282||10102011|10102011|10,50|0|||10,50|1||||0|0||||||||
|C170|1|0000999119||1,00000|PC|10,50||0|041|1556|||||0||0||01||||||||||||||||||
|C190|041|1556||10,50|0|0|0|0|0|0||
|C100|0|1|2607|01|00|1|0029260||13102011|13102011|14,00|0|||14,00|1||||0|0||||||||
|C170|1|0000999119||1,00000|PC|14,00||0|041|1556|||||0||0||01||||||||||||||||||
|C190|041|1556||14,00|0|0|0|0|0|0||
|C100|0|1|2607|01|00|1|0031214||17102011|17102011|14,00|0|||14,00|1||||0|0||||||||
|C170|1|0000999119||1,00000|PC|14,00||0|041|1556|||||0||0||01||||||||||||||||||
|C190|041|1556||14,00|0|0|0|0|0|0||
|C100|0|1|2607|01|00|1|0029337||19102011|19102011|24,50|0|||24,50|1||||0|0||||||||
|C170|1|0000999119||1,00000|PC|24,50||0|041|1556|||||0||0||01||||||||||||||||||
|C190|041|1556||24,50|0|0|0|0|0|0||
|C100|0|1|2607|01|00|1|0032801||26102011|26102011|35,00|0|||35,00|1||||0|0||||||||
|C170|1|0000999119||1,00000|PC|35,00||0|041|1556|||||0||0||01||||||||||||||||||
|C190|041|1556||35,00|0|0|0|0|0|0||
|C100|0|1|2607|01|00|1|0034080||28102011|28102011|10,50|0|||10,50|1||||0|0||||||||
|C170|1|0000999119||1,00000|PC|10,50||0|030|1556|||||0||0||01||||||||||||||||||
|C190|030|1556||10,50|0|0|0|0|0|0||
|C100|0|1|2607|01|00|1|0034105||31102011|31102011|17,50|0|||17,50|1||||0|0||||||||
|C170|1|0000999119||1,00000|PC|17,50||0|041|1556|||||0||0||01||||||||||||||||||
|C190|041|1556||17,50|0|0|0|0|0|0||
|C100|0|1|99900101|55|00|1|000001449|35111006284670000163550010000014491000308501|20102011|27102011|1344,89|1|||1123,80|1||||0|0||||||||
|C170|1|0000156005||50,00000|PC|13,20||0|030|2403|||||0||0||01||||||||||||||||||
|C170|2|0000421320||1000,00000|PC|147,00||0|030|2403|||||0||0||01||||||||||||||||||
|C170|3|0000443005||3000,00000|PC|225,00||0|030|2403|||||0||0||01||||||||||||||||||
|C170|4|0000480735||5000,00000|PC|270,00||0|030|2403|||||0||0||01||||||||||||||||||
|C170|5|0000500740||5000,00000|PC|300,00||0|030|2403|||||0||0||01||||||||||||||||||
|C170|6|0000600035||50,00000|PC|17,40||0|030|2403|||||0||0||01||||||||||||||||||
|C170|7|0000999156||200,00000|PC|43,20||0|030|2403|||||0||0||01||||||||||||||||||
|C170|8|0000999208||2000,00000|PC|108,00||0|030|2403|||||0||0||01||||||||||||||||||
|C190|030|2403||1344,89|0|0|0|0|0|0||
|C100|0|1|200550|55|00|20|000010268|35111011953620000161550200000102681450870300|17102011|26102011|10508,05|1|||9570,20|1||||0|0||||||||
|C170|1|0000222300||3,00000|PC|248,94||0|030|2403|||||0||0||01||||||||||||||||||
|C170|2|0000222301||3,00000|PC|248,94||0|030|2403|||||0||0||01||||||||||||||||||
|C170|3|0000222302||1,00000|PC|82,98||0|030|2403|||||0||0||01||||||||||||||||||
|C170|4|0000222303||2,00000|PC|165,96||0|030|2403|||||0||0||01||||||||||||||||||
|C170|5|0000222304||2,00000|PC|165,96||0|030|2403|||||0||0||01||||||||||||||||||
|C170|6|0000222305||1,00000|PC|82,98||0|030|2403|||||0||0||01||||||||||||||||||
|C170|7|0000222306||1,00000|PC|82,98||0|030|2403|||||0||0||01||||||||||||||||||
|C170|8|0000222307||3,00000|PC|248,94||0|030|2403|||||0||0||01||||||||||||||||||
|C170|9|0000222308||3,00000|PC|248,94||0|030|2403|||||0||0||01||||||||||||||||||
|C170|10|0000222309||5,00000|PC|453,60||0|030|2403|||||0||0||01||||||||||||||||||
|C170|11|0000222310||5,00000|PC|453,60||0|030|2403|||||0||0||01||||||||||||||||||
|C170|12|0000222312||2,00000|PC|103,12||0|030|2403|||||0||0||01||||||||||||||||||
|C170|13|0000222314||4,00000|PC|206,24||0|030|2403|||||0||0||01||||||||||||||||||
|C170|14|0000222315||5,00000|PC|453,60||0|030|2403|||||0||0||01||||||||||||||||||
|C170|15|0000222316||5,00000|PC|453,60||0|030|2403|||||0||0||01||||||||||||||||||
|C170|16|0000222321||4,00000|PC|206,24||0|030|2403|||||0||0||01||||||||||||||||||
|C170|17|0000222322||1,00000|PC|51,56||0|030|2403|||||0||0||01||||||||||||||||||
|C170|18|0000222323||2,00000|PC|103,12||0|030|2403|||||0||0||01||||||||||||||||||
|C170|19|0000222324||5,00000|PC|453,60||0|030|2403|||||0||0||01||||||||||||||||||
|C170|20|0000222325||5,00000|PC|453,60||0|030|2403|||||0||0||01||||||||||||||||||
|C170|21|0000222326||10,00000|PC|907,20||0|030|2403|||||0||0||01||||||||||||||||||
|C170|22|0000222335||4,00000|PC|393,40||0|030|2403|||||0||0||01||||||||||||||||||
|C170|23|0000222338||4,00000|PC|393,40||0|030|2403|||||0||0||01||||||||||||||||||
|C170|24|0000222341||4,00000|PC|206,24||0|030|2403|||||0||0||01||||||||||||||||||
|C170|25|0000999078||4,00000|PC|206,24||0|030|2403|||||0||0||01||||||||||||||||||
|C170|26|0000999079||5,00000|PC|453,60||0|030|2403|||||0||0||01||||||||||||||||||
|C170|27|0000999080||5,00000|PC|453,60||0|030|2403|||||0||0||01||||||||||||||||||
|C170|28|0000999089||1,00000|PC|90,72||0|030|2403|||||0||0||01||||||||||||||||||
|C170|29|0000999210||3,00000|PC|295,05||0|030|2403|||||0||0||01||||||||||||||||||
|C170|30|0000999212||10,00000|PC|907,20||0|030|2403|||||0||0||01||||||||||||||||||
|C170|31|0000999213||1,00000|PC|98,35||0|030|2403|||||0||0||01||||||||||||||||||
|C170|32|0000999214||1,00000|PC|98,35||0|030|2403|||||0||0||01||||||||||||||||||
|C170|33|0000999215||1,00000|PC|98,35||0|030|2403|||||0||0||01||||||||||||||||||
|C190|030|2403||10508,05|0|0|0|0|0|0||
|C100|0|1|17518|55|00|4|000002351|29111009003200000172550040000023511000024470|04102011|17102011|409,56|0|||409,56|1||||0|0||||||||
|C170|1|0000219030||6,00000|PC|409,56||0|030|2916|||||0||0||01||||||||||||||||||
|C190|030|2916||409,56|0|0|0|0|0|0||
|C100|0|1|11377|55|00|001|000002332|35111006191869000147550010000023321010018754|18102011|25102011|495,53|1|||424,24|1||||0|0||||||||
|C170|1|0000333010||50,00000|PC|35,00||0|030|2403|||||0||0||01||||||||||||||||||
|C170|2|0000333020||200,00000|PC|140,00||0|030|2403|||||0||0||01||||||||||||||||||
|C170|3|0000333105||10,00000|PC|8,96||0|030|2403|||||0||0||01||||||||||||||||||
|C170|4|0000405003||50,00000|PC|13,48||0|030|2403|||||0||0||01||||||||||||||||||
|C170|5|0000405009||100,00000|PC|26,95||0|030|2403|||||0||0||01||||||||||||||||||
|C170|6|0000405010||100,00000|PC|33,25||0|030|2403|||||0||0||01||||||||||||||||||
|C170|7|0000405020||100,00000|PC|4,20||0|030|2403|||||0||0||01||||||||||||||||||
|C170|8|0000405053||30,00000|PC|8,40||0|030|2403|||||0||0||01||||||||||||||||||
|C170|9|0000405087||100,00000|PC|4,90||0|030|2403|||||0||0||01||||||||||||||||||
|C170|10|0000405240||100,00000|PC|13,30||0|030|2403|||||0||0||01||||||||||||||||||
|C170|11|0000405350||50,00000|PC|12,60||0|030|2403|||||0||0||01||||||||||||||||||
|C170|12|0000625705||200,00000|PC|112,00||0|030|2403|||||0||0||01||||||||||||||||||
|C170|13|0000625795||20,00000|PC|11,20||0|030|2403|||||0||0||01||||||||||||||||||
|C190|030|2403||495,53|0|0|0|0|0|0||
|C100|1|0|4155|55|00|1|000022653|23111007324443000187550010000226531000226535|03102011|03102011|970,62|0|||970,62|1||||0|0||||6,31|29,12|||
|C190|060|5403||970,62|0|0|0|0|0|0||
|C100|1|0|4213|55|00|1|000022661|23111007324443000187550010000226611000226618|04102011|04102011|1608,22|0|||1608,22|1||||0|0||||||||
|C190|060|5403||1608,22|0|0|0|0|0|0||
|C100|1|0|4339|55|00|1|000022666|23111007324443000187550010000226661000226665|04102011|04102011|623,82|0|||623,82|1||||0|0||||||||
|C190|060|5403||623,82|0|0|0|0|0|0||
|C100|1|0|1942|55|00|1|000022683|23111007324443000187550010000226831000226836|04102011|04102011|2549,71|0|||2549,71|1||||0|0||||16,57|76,49|||
|C190|060|5403||2549,71|0|0|0|0|0|0||
|C100|1|0|10480|55|00|1|000022906|23111007324443000187550010000229061000229069|13102011|13102011|0|0|82,38||82,38|1||||0|0||||0,54|2,47|||
|C190|060|5403||0|0|0|0|0|0|0||
|C100|1|0|13565|55|00|1|000022863|23111007324443000187550010000228631000228632|11102011|11102011|1484,58|0|||1484,58|1||||0|0||||||||
|C190|060|5403||1484,58|0|0|0|0|0|0||
|C400|2D|ECF|BE051075610000089129|001|
|C405|04102011|1|71|71|307945,13|7317,33|
|C420|F1|7317,33|||
|C425|0000455070|60,000|UN|134,00|0,87|4,02|
|C425|0000387030|30,000|UN|61,20|0,40|1,84|
|C425|0000387070|30,000|UN|61,20|0,40|1,84|
|C425|0000405300|30,000|UN|45,90|0,30|1,38|
|C425|0000422225|75,000|UN|17,25|0,11|0,52|
|C425|0000440055|10,000|UN|122,30|0,79|3,67|
|C425|0000448103|15,000|UN|68,25|0,44|2,05|
|C425|0000450115|5,000|UN|80,90|0,53|2,43|
|C425|0000370235|100,000|UN|47,00|0,31|1,41|
|C425|0000500740|200,000|UN|88,00|0,57|2,64|
|C425|0000585860|50,000|UN|42,50|0,28|1,27|
|C425|0000586050|10,000|UN|73,10|0,48|2,19|
|C425|0000620015|30,000|UN|538,50|3,50|16,16|
|C425|0000373303|4,000|UN|1208,32|7,85|36,25|
|C425|0000373301|4,000|UN|1208,32|7,85|36,25|
|C425|0000372190|50,000|UN|1032,50|6,71|30,98|
|C425|0000373302|3,000|UN|906,24|5,89|27,19|
|C425|0000071025|15,000|UN|40,95|0,27|1,23|
|C425|0000200010|10,000|UN|100,30|0,65|3,01|
|C425|0000080600|30,000|UN|336,00|2,18|10,08|
|C425|0000107255|3,000|UN|46,47|0,30|1,39|
|C425|0000120075|10,000|UN|47,40|0,31|1,42|
|C425|0000150155|30,000|UN|31,50|0,20|0,94|
|C425|0000150295|100,000|UN|28,00|0,18|0,84|
|C425|0000181585|10,000|UN|83,60|0,54|2,51|
|C425|0000181840|10,000|UN|98,40|0,64|2,95|
|C425|0000365250|15,000|UN|107,85|0,70|3,24|
|C425|0000200145|10,000|UN|151,00|0,98|4,53|
|C425|0000225055|15,000|UN|28,35|0,18|0,85|
|C425|0000240010|10,000|UN|59,80|0,39|1,79|
|C425|0000240230|10,000|UN|223,40|1,45|6,70|
|C425|0000320785|30,000|UN|27,00|0,18|0,81|
|C425|0000325080|2,000|UN|90,38|0,59|2,71|
|C425|0000336075|15,000|UN|33,60|0,22|1,01|
|C425|0000359026|15,000|UN|47,85|0,31|1,44|
|C490|060|5403|0|7317,33|0|0||
|C405|05102011|1|72|72|311307,60|3362,47|
|C420|F1|3362,47|||
|C425|0000420008|1,000|UN|12,25|0,08|0,37|
|C425|0000501325|2,000|UN|17,28|0,11|0,52|
|C425|0000501320|2,000|UN|17,28|0,11|0,52|
|C425|0000448800|5,000|UN|35,70|0,23|1,07|
|C425|0000448100|5,000|UN|23,70|0,15|0,71|
|C425|0000421625|2,000|UN|12,34|0,08|0,37|
|C425|0000530020|2,000|UN|11,58|0,08|0,35|
|C425|0000405200|4,000|UN|22,00|0,14|0,66|
|C425|0000403115|5,000|UN|24,00|0,16|0,72|
|C425|0000397235|5,000|UN|98,05|0,64|2,94|
|C425|0000397165|2,000|UN|26,50|0,17|0,80|
|C425|0000397155|2,000|UN|26,50|0,17|0,80|
|C425|0000397150|2,000|UN|26,50|0,17|0,80|
|C425|0000219030|3,000|UN|239,13|1,55|7,17|
|C425|0000112295|2,000|UN|279,20|1,81|8,38|
|C425|0000219800|2,000|UN|159,42|1,04|4,78|
|C425|0000219135|3,000|UN|239,13|1,55|7,17|
|C425|0000219130|3,000|UN|239,13|1,55|7,17|
|C425|0000219035|3,000|UN|239,13|1,55|7,17|
|C425|0000530025|3,000|UN|8,88|0,06|0,27|
|C425|0000586135|3,000|UN|16,80|0,11|0,50|
|C425|0000575096|3,000|UN|28,89|0,19|0,87|
|C425|0000575090|3,000|UN|28,65|0,19|0,86|
|C425|0000574160|2,000|UN|29,52|0,19|0,89|
|C425|0000574140|2,000|UN|28,88|0,19|0,87|
|C425|0000222326|1,000|UN|128,44|0,83|3,85|
|C425|0000071109|20,000|UN|5,60|0,04|0,17|
|C425|0000200202|1,000|UN|13,29|0,09|0,40|
|C425|0000160165|40,000|UN|45,20|0,29|1,36|
|C425|0000080890|50,000|UN|71,00|0,46|2,13|
|C425|0000080645|10,000|UN|140,90|0,92|4,23|
|C425|0000080545|10,000|UN|133,90|0,87|4,02|
|C425|0000260070|2,000|UN|12,02|0,08|0,36|
|C425|0000071108|20,000|UN|5,60|0,04|0,17|
|C425|0000070425|3,000|UN|76,20|0,50|2,29|
|C425|0000070382|3,000|UN|56,97|0,37|1,71|
|C425|0000222333|2,000|UN|278,52|1,81|8,36|
|C425|0000222327|1,000|UN|128,44|0,83|3,85|
|C425|0000382005|20,000|UN|29,80|0,19|0,89|
|C425|0000345020|20,000|UN|9,80|0,06|0,29|
|C425|0000380120|10,000|UN|7,80|0,05|0,23|
|C425|0000380105|10,000|UN|6,60|0,04|0,20|
|C425|0000373230|3,000|UN|106,95|0,70|3,21|
|C425|0000372503|2,000|UN|71,30|0,46|2,14|
|C425|0000350020|10,000|UN|9,40|0,06|0,28|
|C425|0000331350|10,000|UN|61,70|0,40|1,85|
|C425|0000333315|10,000|UN|9,40|0,06|0,28|
|C425|0000333310|50,000|UN|37,50|0,24|1,13|
|C425|0000333045|5,000|UN|14,70|0,10|0,44|
|C425|0000333030|5,000|UN|5,50|0,04|0,17|
|C425|0000333025|5,000|UN|5,50|0,04|0,17|
|C490|060|5403|0|3362,47|0|0||
|C405|06102011|1|73|73|312423,54|1115,94|
|C420|F1|1115,94|||
|C425|0000219030|3,000|UN|239,13|1,55|7,17|
|C425|0000219045|2,000|UN|159,42|1,04|4,78|
|C425|0000219075|3,000|UN|239,13|1,55|7,17|
|C425|0000219080|3,000|UN|239,13|1,55|7,17|
|C425|0000219135|2,000|UN|159,42|1,04|4,78|
|C425|0000219630|1,000|UN|79,71|0,52|2,39|
|C490|060|5403|0|1115,94|0|0||
|C405|11102011|1|75|75|314408,31|1984,77|
|C420|F1|1984,77|||
|C425|0000135020|5,000|UN|359,80|2,34|10,79|
|C425|0000135075|10,000|UN|865,10|5,62|25,95|
|C425|0000326985|2,000|UN|185,88|1,21|5,58|
|C425|0000562540|10,000|UN|168,00|1,09|5,04|
|C425|0000574145|5,000|UN|93,05|0,60|2,79|
|C425|0000574170|5,000|UN|94,50|0,61|2,83|
|C425|0000574175|5,000|UN|94,50|0,61|2,83|
|C425|0000595260|10,000|UN|53,90|0,35|1,62|
|C425|0000595265|10,000|UN|53,90|0,35|1,62|
|C425|0000595965|2,000|UN|16,14|0,10|0,48|
|C490|060|5403|0|1984,77|0|0||
|C405|13102011|1|76|76|327966,97|13558,66|
|C420|F1|13238,82|||
|C425|0000293403|10,000|UN|312,50|2,03|9,38|
|C425|0000575100|3,000|UN|28,89|0,19|0,87|
|C425|0000596255|1,000|UN|23,65|0,15|0,71|
|C425|0000331300|20,000|UN|208,60|1,36|6,26|
|C425|0000331404|25,000|UN|237,25|1,54|7,12|
|C425|0000331600|40,000|UN|530,40|3,44|15,92|
|C425|0000575095|2,000|UN|19,26|0,13|0,58|
|C425|0000341005|30,000|UN|245,10|1,59|7,35|
|C425|0000219030|16,000|UN|1275,36|8,29|38,26|
|C425|0000219045|13,000|UN|1036,23|6,73|31,08|
|C425|0000515125|3,000|UN|56,70|0,37|1,70|
|C425|0000515195|3,000|UN|56,70|0,37|1,70|
|C425|0000515300|3,000|UN|56,70|0,37|1,70|
|C425|0000515325|5,000|UN|94,50|0,62|2,83|
|C425|0000400010|15,000|UN|24,15|0,16|0,72|
|C425|0000596195|1,000|UN|23,65|0,15|0,71|
|C425|0000071194|15,000|UN|412,95|2,68|12,39|
|C425|0000140295|5,000|UN|57,20|0,37|1,72|
|C425|0000165010|25,000|UN|144,25|0,94|4,33|
|C425|0000325055|5,000|UN|163,85|1,07|4,92|
|C425|0000575090|5,000|UN|47,75|0,31|1,43|
|C425|0000437155|15,000|UN|104,85|0,68|3,15|
|C425|0000472060|25,000|UN|105,00|0,68|3,15|
|C425|0000502464|10,000|UN|219,50|1,43|6,58|
|C425|0000554082|2,000|UN|5,14|0,03|0,15|
|C425|0000574170|4,000|UN|75,60|0,49|2,27|
|C425|0000595415|1,000|UN|18,90|0,12|0,57|
|C425|0000421615|3,000|UN|30,72|0,20|0,92|
|C425|0000420270|5,000|UN|44,55|0,29|1,34|
|C425|0000420285|5,000|UN|75,95|0,49|2,28|
|C425|0000420690|5,000|UN|51,20|0,33|1,54|
|C425|0000420695|5,000|UN|51,20|0,33|1,54|
|C425|0000420711|2,000|UN|33,78|0,22|1,01|
|C425|0000420225|5,000|UN|75,95|0,49|2,28|
|C425|0000433667|15,000|UN|64,65|0,42|1,94|
|C425|0000446070|3,000|UN|34,56|0,22|1,04|
|C425|0000446080|3,000|UN|51,00|0,33|1,53|
|C425|0000450015|20,000|UN|264,40|1,72|7,93|
|C425|0000630110|20,000|UN|48,60|0,32|1,46|
|C425|0000530020|30,000|UN|173,70|1,13|5,21|
|C425|0000596070|3,000|UN|56,70|0,37|1,70|
|C425|0000585751|10,000|UN|73,10|0,48|2,19|
|C425|0000585990|20,000|UN|202,80|1,32|6,08|
|C425|0000595340|3,000|UN|56,70|0,37|1,70|
|C425|0000595816|5,000|UN|94,50|0,62|2,83|
|C425|0000595870|2,000|UN|37,80|0,25|1,13|
|C425|0000387155|10,000|UN|20,40|0,13|0,61|
|C425|0000626185|10,000|UN|61,20|0,40|1,84|
|C425|0000999072|20,000|UN|71,40|0,46|2,14|
|C425|0000260070|10,000|UN|60,10|0,39|1,80|
|C425|0000325095|2,000|UN|89,72|0,58|2,69|
|C425|0000370860|50,000|UN|37,50|0,24|1,13|
|C425|0000071190|5,000|UN|117,85|0,77|3,54|
|C425|0000200201|7,000|UN|86,38|0,56|2,59|
|C425|0000219050|4,000|UN|318,84|2,07|9,57|
|C425|0000219820|2,000|UN|161,44|1,05|4,84|
|C425|0000127065|2,000|UN|89,10|0,58|2,67|
|C425|0000127300|2,000|UN|89,10|0,58|2,67|
|C425|0000150050|20,000|UN|21,00|0,14|0,63|
|C425|0000219040|4,000|UN|318,84|2,07|9,57|
|C425|0000200205|5,000|UN|66,45|0,43|1,99|
|C425|0000240350|5,000|UN|115,10|0,75|3,45|
|C425|0000331385|2,000|UN|26,08|0,17|0,78|
|C425|0000331390|2,000|UN|26,08|0,17|0,78|
|C425|0000380105|25,000|UN|16,50|0,11|0,49|
|C425|0000380830|25,000|UN|35,50|0,23|1,06|
|C425|0000530115|10,000|UN|59,20|0,38|1,78|
|C425|0000518314|4,000|UN|159,60|1,04|4,79|
|C425|0000185170|15,000|UN|67,50|0,44|2,02|
|C425|0000185200|15,000|UN|22,05|0,14|0,66|
|C425|0000185210|5,000|UN|36,40|0,24|1,09|
|C425|0000325052|1,000|UN|99,27|0,65|2,98|
|C425|0000421625|10,000|UN|61,70|0,40|1,85|
|C425|0000219630|10,000|UN|797,10|5,18|23,91|
|C425|0000518318|5,000|UN|199,50|1,30|5,99|
|C425|0000518326|4,000|UN|159,60|1,04|4,79|
|C425|0000219025|3,000|UN|239,13|1,55|7,17|
|C425|0000219075|4,000|UN|318,84|2,07|9,57|
|C425|0000219035|4,000|UN|318,84|2,07|9,57|
|C425|0000595335|1,000|UN|18,90|0,12|0,57|
|C425|0000445140|1,000|UN|19,48|0,13|0,58|
|C425|0000420003|2,000|UN|30,38|0,20|0,91|
|C425|0000420180|3,000|UN|45,57|0,30|1,37|
|C425|0000420215|4,000|UN|60,76|0,39|1,82|
|C425|0000420295|1,000|UN|15,19|0,10|0,46|
|C425|0000445041|1,000|UN|19,56|0,13|0,59|
|C425|0000397215|3,000|UN|42,63|0,28|1,28|
|C425|0000515003|2,000|UN|37,80|0,25|1,13|
|C425|0000595005|1,000|UN|18,90|0,12|0,57|
|C425|0000595019|1,000|UN|23,65|0,15|0,71|
|C425|0000595135|1,000|UN|20,50|0,13|0,61|
|C425|0000595145|1,000|UN|20,50|0,13|0,61|
|C425|0000530130|8,000|UN|79,52|0,52|2,39|
|C425|0000325370|7,000|UN|326,48|2,13|9,80|
|C425|0000620015|10,000|UN|179,50|1,17|5,38|
|C425|0000118050|5,000|UN|114,85|0,75|3,45|
|C425|0000140020|5,000|UN|42,70|0,28|1,28|
|C425|0000223315|5,000|UN|171,00|1,11|5,13|
|C425|0000223330|5,000|UN|171,00|1,11|5,13|
|C425|0000397210|2,000|UN|28,42|0,18|0,85|
|C425|0000327087|5,000|UN|38,95|0,25|1,17|
|C425|0000331350|25,000|UN|154,25|1,00|4,63|
|C425|0000397140|3,000|UN|27,69|0,18|0,83|
|C425|0000397200|2,000|UN|28,42|0,18|0,85|
|C425|0000397205|2,000|UN|28,42|0,18|0,85|
|C490|060|5403|0|13238,82|0|0||
|C405|14102011|1|77|77|330385,30|2418,33|
|C420|F1|2418,33|||
|C425|0000225050|20,000|UN|55,00|0,36|1,65|
|C425|0000625705|15,000|UN|35,25|0,23|1,06|
|C425|0000620015|30,000|UN|538,50|3,50|16,16|
|C425|0000331600|25,000|UN|331,50|2,15|9,95|
|C425|0000331480|10,000|UN|127,00|0,83|3,81|
|C425|0000225055|20,000|UN|37,80|0,25|1,13|
|C425|0000140170|10,000|UN|61,70|0,40|1,85|
|C425|0000127300|2,000|UN|89,10|0,58|2,67|
|C425|0000472115|50,000|UN|189,50|1,23|5,68|
|C425|0000472110|50,000|UN|189,50|1,23|5,68|
|C425|0000434365|25,000|UN|137,00|0,89|4,11|
|C425|0000331370|50,000|UN|470,00|3,06|14,10|
|C425|0000325165|2,000|UN|156,48|1,02|4,69|
|C490|060|5403|0|2418,33|0|0||
|C405|17102011|1|78|78|330574,30|189,00|
|C420|F1|189,00|||
|C425|0000515305|10,000|UN|189,00|1,23|5,67|
|C490|060|5403|0|189,00|0|0||
|C405|18102011|1|79|79|330848,30|274,00|
|C420|F1|274,00|||
|C425|0000434365|50,000|UN|274,00|1,78|8,22|
|C490|060|5403|0|274,00|0|0||
|C405|19102011|1|80|80|332647,77|1799,47|
|C420|F1|1183,94|||
|C425|0000331505|10,000|UN|102,60|0,67|3,08|
|C425|0000535200|10,000|UN|129,40|0,84|3,88|
|C425|0000440025|10,000|UN|113,90|0,74|3,42|
|C425|0000387255|10,000|UN|88,30|0,57|2,65|
|C425|0000380855|50,000|UN|39,50|0,26|1,19|
|C425|0000240010|10,000|UN|59,80|0,39|1,79|
|C425|0000331390|10,000|UN|130,40|0,85|3,91|
|C425|0000331385|10,000|UN|130,40|0,85|3,91|
|C425|0000331370|20,000|UN|188,00|1,22|5,64|
|C425|0000331350|20,000|UN|123,40|0,80|3,70|
|C425|0000325165|1,000|UN|78,24|0,51|2,35|
|C490|060|5403|0|1183,94|0|0||
|C405|21102011|1|82|82|337737,22|5089,45|
|C420|F1|5089,45|||
|C425|0000440055|15,000|UN|183,45|1,19|5,50|
|C425|0000574125|1,000|UN|38,69|0,25|1,16|
|C425|0000574040|1,000|UN|26,80|0,17|0,80|
|C425|0000574030|1,000|UN|26,80|0,17|0,80|
|C425|0000530020|7,000|UN|40,53|0,26|1,22|
|C425|0000575090|5,000|UN|47,75|0,31|1,43|
|C425|0000433605|15,000|UN|45,60|0,30|1,37|
|C425|0000420260|5,000|UN|51,20|0,33|1,54|
|C425|0000390125|25,000|UN|62,50|0,41|1,88|
|C425|0000358425|27,000|UN|240,03|1,56|7,20|
|C425|0000358260|7,000|UN|59,64|0,39|1,79|
|C425|0000274095|2,000|UN|77,30|0,50|2,32|
|C425|0000219030|9,000|UN|717,39|4,66|21,52|
|C425|0000405215|50,000|UN|42,00|0,27|1,26|
|C425|0000405210|50,000|UN|55,00|0,36|1,65|
|C425|0000350020|50,000|UN|47,00|0,31|1,41|
|C425|0000240200|5,000|UN|29,90|0,19|0,90|
|C425|0000626120|25,000|UN|152,25|0,99|4,57|
|C425|0000200201|10,000|UN|123,40|0,80|3,70|
|C425|0000219800|3,000|UN|239,13|1,55|7,17|
|C425|0000219440|1,000|UN|79,71|0,52|2,39|
|C425|0000219435|1,000|UN|79,71|0,52|2,39|
|C425|0000219045|6,000|UN|478,26|3,11|14,35|
|C425|0000106005|5,000|UN|230,05|1,50|6,90|
|C425|0000125200|2,000|UN|52,02|0,34|1,56|
|C425|0000325043|1,000|UN|94,05|0,61|2,82|
|C425|0000325036|1,000|UN|94,05|0,61|2,82|
|C425|0000325034|1,000|UN|94,05|0,61|2,82|
|C425|0000125210|5,000|UN|142,70|0,93|4,28|
|C425|0000325055|2,000|UN|65,54|0,43|1,97|
|C425|0000595816|5,000|UN|94,50|0,61|2,83|
|C425|0000515306|5,000|UN|138,05|0,90|4,14|
|C425|0000490035|10,000|UN|54,30|0,35|1,63|
|C425|0000490020|100,000|UN|284,00|1,85|8,52|
|C425|0000320300|200,000|UN|180,00|1,17|5,40|
|C425|0000230060|10,000|UN|59,80|0,39|1,79|
|C425|0000515069|1,000|UN|34,61|0,22|1,04|
|C425|0000225055|25,000|UN|47,25|0,31|1,42|
|C425|0000143020|5,000|UN|30,25|0,20|0,91|
|C425|0000143015|5,000|UN|25,70|0,17|0,77|
|C425|0000586135|5,000|UN|28,00|0,18|0,84|
|C425|0000325061|1,000|UN|94,05|0,61|2,82|
|C425|0000471425|2,000|UN|70,06|0,46|2,10|
|C425|0000470250|50,000|UN|77,00|0,50|2,31|
|C425|0000420245|2,000|UN|30,38|0,20|0,91|
|C425|0000390190|25,000|UN|62,50|0,41|1,88|
|C425|0000390100|25,000|UN|62,50|0,41|1,88|
|C490|060|5403|0|5089,45|0|0||
|C405|26102011|1|84|84|339053,12|1315,90|
|C420|F1|1315,90|||
|C425|0000480735|200,000|UN|58,00|0,38|1,74|
|C425|0000596070|3,000|UN|59,70|0,39|1,79|
|C425|0000596055|2,000|UN|39,80|0,26|1,19|
|C425|0000595816|3,000|UN|59,70|0,39|1,79|
|C425|0000595005|5,000|UN|99,50|0,65|2,98|
|C425|0000515345|2,000|UN|39,80|0,26|1,19|
|C425|0000515315|2,000|UN|39,80|0,26|1,19|
|C425|0000515310|3,000|UN|59,70|0,39|1,79|
|C425|0000515125|5,000|UN|99,50|0,65|2,98|
|C425|0000080640|15,000|UN|222,30|1,44|6,67|
|C425|0000434370|8,000|UN|29,36|0,19|0,88|
|C425|0000421650|2,000|UN|21,56|0,14|0,65|
|C425|0000421635|3,000|UN|32,34|0,21|0,97|
|C425|0000420740|5,000|UN|69,50|0,45|2,08|
|C425|0000420270|3,000|UN|28,14|0,18|0,84|
|C425|0000260070|15,000|UN|94,95|0,62|2,85|
|C425|0000225055|20,000|UN|39,80|0,26|1,19|
|C425|0000080645|15,000|UN|222,45|1,45|6,67|
|C490|060|5403|0|1315,90|0|0||
|C405|27102011|1|85|85|340490,86|1437,74|
|C420|F1|1437,74|||
|C425|0000380020|1,000|UN|4,11|0,03|0,12|
|C425|0000331406|3,000|UN|29,46|0,19|0,88|
|C425|0000331505|3,000|UN|30,78|0,20|0,92|
|C425|0000358006|1,000|UN|34,70|0,23|1,04|
|C425|0000358290|2,000|UN|28,92|0,19|0,87|
|C425|0000358425|3,000|UN|26,67|0,17|0,80|
|C425|0000331404|3,000|UN|28,47|0,19|0,85|
|C425|0000380025|5,000|UN|13,45|0,09|0,40|
|C425|0000380830|10,000|UN|14,20|0,09|0,43|
|C425|0000437140|1,000|UN|173,04|1,12|5,19|
|C425|0000585000|2,000|UN|18,80|0,12|0,56|
|C425|0000585070|2,000|UN|25,30|0,16|0,76|
|C425|0000219025|1,000|UN|79,71|0,52|2,39|
|C425|0000328125|1,000|UN|34,67|0,23|1,04|
|C425|0000219030|3,000|UN|239,13|1,55|7,17|
|C425|0000219130|4,000|UN|318,84|2,07|9,57|
|C425|0000325032|1,000|UN|94,05|0,61|2,82|
|C425|0000325095|2,000|UN|89,72|0,58|2,69|
|C425|0000331390|1,000|UN|13,04|0,08|0,39|
|C425|0000331325|2,000|UN|24,54|0,16|0,74|
|C425|0000331350|10,000|UN|61,70|0,40|1,85|
|C425|0000331370|3,000|UN|28,20|0,18|0,85|
|C425|0000331380|1,000|UN|13,20|0,09|0,40|
|C425|0000331385|1,000|UN|13,04|0,08|0,39|
|C490|060|5403|0|1437,74|0|0||
|C405|28102011|1|86|86|345769,92|5279,06|
|C420|F1|5279,06|||
|C425|0000585085|2,000|UN|26,54|0,17|0,80|
|C425|0000325034|2,000|UN|188,10|1,22|5,64|
|C425|0000293400|8,000|UN|338,16|2,19|10,14|
|C425|0000290075|50,000|UN|66,00|0,43|1,98|
|C425|0000219075|2,000|UN|159,42|1,04|4,78|
|C425|0000143025|10,000|UN|58,90|0,38|1,77|
|C425|0000624015|10,000|UN|89,00|0,58|2,67|
|C425|0000586045|5,000|UN|47,00|0,31|1,41|
|C425|0000325061|2,000|UN|188,10|1,22|5,64|
|C425|0000554075|30,000|UN|118,20|0,76|3,54|
|C425|0000402050|2,000|UN|28,46|0,18|0,85|
|C425|0000380830|50,000|UN|71,00|0,46|2,13|
|C425|0000380135|50,000|UN|40,50|0,26|1,22|
|C425|0000380105|25,000|UN|16,50|0,11|0,49|
|C425|0000380100|25,000|UN|19,75|0,13|0,59|
|C425|0000358415|3,000|UN|32,25|0,21|0,97|
|C425|0000310070|5,000|UN|119,05|0,77|3,57|
|C425|0000240200|15,000|UN|89,70|0,58|2,69|
|C425|0000240350|10,000|UN|230,20|1,50|6,91|
|C425|0000503045|1,000|UN|37,45|0,24|1,12|
|C425|0000434365|10,000|UN|54,80|0,36|1,64|
|C425|0000320805|20,000|UN|18,80|0,12|0,56|
|C425|0000320785|20,000|UN|18,80|0,12|0,56|
|C425|0000240250|3,000|UN|32,82|0,21|0,98|
|C425|0000490080|10,000|UN|79,60|0,52|2,39|
|C425|0000219025|3,000|UN|239,13|1,55|7,17|
|C425|0000382005|100,000|UN|149,00|0,97|4,47|
|C425|0000565015|50,000|UN|35,00|0,23|1,05|
|C425|0000502464|15,000|UN|329,25|2,14|9,88|
|C425|0000490120|5,000|UN|25,05|0,16|0,75|
|C425|0000490110|2,000|UN|13,18|0,09|0,40|
|C425|0000490090|5,000|UN|37,20|0,24|1,12|
|C425|0000108005|15,000|UN|56,40|0,37|1,69|
|C425|0000515125|5,000|UN|94,50|0,61|2,83|
|C425|0000125210|5,000|UN|142,70|0,93|4,28|
|C425|0000125200|2,000|UN|52,02|0,34|1,56|
|C425|0000071123|50,000|UN|112,00|0,73|3,36|
|C425|0000620015|10,000|UN|179,50|1,17|5,38|
|C425|0000515305|5,000|UN|94,50|0,61|2,83|
|C425|0000515195|1,000|UN|18,90|0,12|0,57|
|C425|0000515160|3,000|UN|56,70|0,37|1,70|
|C425|0000140110|1,000|UN|31,61|0,21|0,95|
|C425|0000445140|4,000|UN|77,92|0,51|2,34|
|C425|0000387255|5,000|UN|44,15|0,29|1,32|
|C425|0000383325|10,000|UN|16,30|0,11|0,49|
|C425|0000293085|2,000|UN|68,10|0,44|2,04|
|C425|0000250011|1,000|UN|52,27|0,34|1,57|
|C425|0000230117|15,000|UN|43,95|0,29|1,32|
|C425|0000108155|10,000|UN|71,00|0,46|2,13|
|C425|0000274095|2,000|UN|77,30|0,50|2,32|
|C425|0000575100|3,000|UN|28,89|0,19|0,87|
|C425|0000230280|15,000|UN|60,60|0,39|1,82|
|C425|0000219800|3,000|UN|239,13|1,55|7,17|
|C425|0000140170|15,000|UN|92,55|0,60|2,78|
|C425|0000575125|1,000|UN|16,02|0,10|0,48|
|C425|0000575115|2,000|UN|32,04|0,21|0,96|
|C425|0000575110|3,000|UN|47,31|0,31|1,42|
|C425|0000230103|15,000|UN|49,65|0,32|1,49|
|C425|0000575096|2,000|UN|19,26|0,13|0,58|
|C425|0000575090|5,000|UN|47,75|0,31|1,43|
|C425|0000490070|20,000|UN|37,80|0,25|1,13|
|C425|0000358160|10,000|UN|93,60|0,61|2,81|
|C425|0000358102|3,000|UN|49,86|0,32|1,50|
|C425|0000325055|2,000|UN|65,54|0,43|1,97|
|C425|0000293280|1,000|UN|112,33|0,73|3,37|
|C490|060|5403|0|5279,06|0|0||
|C405|31102011|1|87|87|347456,50|1686,58|
|C420|F1|1686,58|||
|C425|0000390125|30,000|UN|75,00|0,49|2,25|
|C425|0000625000|30,000|UN|104,70|0,68|3,14|
|C425|0000515403|2,000|UN|69,22|0,45|2,08|
|C425|0000515385|10,000|UN|166,20|1,08|4,99|
|C425|0000470250|100,000|UN|154,00|1,00|4,62|
|C425|0000455070|60,000|UN|134,00|0,87|4,02|
|C425|0000437035|10,000|UN|95,90|0,62|2,88|
|C425|0000421625|20,000|UN|123,40|0,80|3,70|
|C425|0000120075|10,000|UN|47,40|0,31|1,42|
|C425|0000390120|10,000|UN|25,00|0,16|0,75|
|C425|0000387255|20,000|UN|176,60|1,15|5,30|
|C425|0000380450|95,000|UN|107,35|0,70|3,22|
|C425|0000380385|100,000|UN|49,00|0,32|1,47|
|C425|0000328410|2,000|UN|68,68|0,45|2,06|
|C425|0000325090|5,000|UN|222,75|1,45|6,68|
|C425|0000311010|4,000|UN|14,88|0,10|0,45|
|C425|0000150155|50,000|UN|52,50|0,34|1,57|
|C490|060|5403|0|1686,58|0|0||
|C990|2627|
|D001|1|
|D990|2|
|E001|0|
|E100|01102011|31102011|
|E110|0|0|0|0|0|0|0|0|0|0|0|0|0|0|
|E200|CE|01102011|31102011|
|E210|1|0|0|0|0|0|0|0|0|0|0|0|0|36032,58|
|E220|CE150001|Débitos Especiais|36032,58|
|E240|4027|55|001||000001314|05102011||538,33|
|E240|4027|55|001||000001319|06102011||137,83|
|E240|4027|55|001||000001318|06102011||34,21|
|E240|4070|55|001||000125882|06102011||561,94|
|E240|4070|55|001||000125883|06102011||3564,64|
|E240|4070|55|001||000125884|06102011||4279,86|
|E240|4070|55|001||000125880|16102011||211,64|
|E240|4070|55|001||000125878|06102011||16,35|
|E240|4070|55|001||000125881|07102011||50,87|
|E240|4070|55|001||000125879|07102011||19,40|
|E240|4027|55|001||000001316|06102011||8351,05|
|E240|4027|55|001||000001317|07102011||1438,18|
|E240|99900070|55|1||000000699|07102011||378,67|
|E240|17892|55|1||000000256|10102011||156,00|
|E240|4070|55|001||000125877|11102011||776,05|
|E240|11231|55|001||000006243|14102011||260,69|
|E240|800010257|55|001||000001895|10102011||445,17|
|E240|17303|55|0||000001161|11102011||1188,38|
|E240|18148|55|1||000000914|17102011||100,16|
|E240|4137|55|1||000022273|13102011||234,89|
|E240|99900077|55|2||000001554|13102011||381,47|
|E240|17518|55|4||000002406|19102011||6059,69|
|E240|17518|55|4||000002405|19102011||486,94|
|E240|11077|55|13||000009130|18102011||5730,02|
|E240|800010282|55|3||000012411|13102011||596,04|
|E240|17518|55|4||000002351|17102011||34,11|
|E250|001|36032,58|20112011||||||102011|
|E990|34|
|G001|1|
|G990|2|
|H001|1|
|H990|2|
|1001|1|
|1990|2|
|9001|0|
|9900|0000|1|
|9900|0001|1|
|9900|0005|1|
|9900|0100|1|
|9900|0150|422|
|9900|0190|4|
|9900|0200|839|
|9900|0220|317|
|9900|0990|1|
|9900|C001|1|
|9900|C100|775|
|9900|C170|642|
|9900|C190|761|
|9900|C400|1|
|9900|C405|14|
|9900|C420|14|
|9900|C425|404|
|9900|C490|14|
|9900|C990|1|
|9900|D001|1|
|9900|D990|1|
|9900|E001|1|
|9900|E100|1|
|9900|E110|1|
|9900|E200|1|
|9900|E210|1|
|9900|E220|1|
|9900|E240|26|
|9900|E250|1|
|9900|E990|1|
|9900|G001|1|
|9900|G990|1|
|9900|H001|1|
|9900|H990|1|
|9900|1001|1|
|9900|1990|1|
|9900|9001|1|
|9900|9990|1|
|9900|9999|1|
|9900|9900|40|
|9990|43|
|9999|4299|
